3444 5792
646 869 831 922 axonam.
1199 860 1264 922 415
1400 882 1403 890 ¹

215 1072 289 1116 rum
312 1058 348 1118 et
369 1074 479 1118 rerum
502 1053 691 1120 defensione
714 1076 859 1142 congrue
882 1060 997 1122 eontra
1020 1056 1125 1122 diotos
1155 1056 1267 1121 inimi-

212 1173 267 1219 eos
289 1153 449 1233 faciendo,
465 1175 541 1220 eum
556 1155 681 1220 talibus
703 1177 743 1223 aa
762 1157 866 1223 tantis
888 1157 1065 1244 diligentie
1087 1163 1122 1224 et
1135 1158 1266 1236 affeetu,

214 1259 254 1320 ut
275 1255 387 1322 caeteri
418 1256 460 1321 de
490 1255 613 1342 populo
644 1257 703 1342 qui
733 1257 805 1343 jam
836 1257 881 1324 ad
915 1258 1136 1324 resistendum
1169 1259 1267 1326 dietis

211 1355 363 1423 hostibus
394 1357 431 1422 in
464 1379 567 1424 manu
598 1358 686 1436 forti,
715 1360 876 1425 virtutem
908 1365 1077 1427 sumentes
1108 1383 1150 1426 ex
1173 1360 1265 1439 alto,¹

213 1465 447 1547 sperantesque
469 1461 506 1526 in
530 1461 579 1527 Eo
612 1462 669 1547 qui
696 1467 849 1548 potentes
871 1463 1021 1530 devincit
1052 1469 1088 1529 et
1109 1464 1267 1551 superbos

213 1563 296 1629 dans
318 1564 513 1650 plerumque
544 1566 731 1651 potentiam
762 1565 942 1652 gratiosam
974 1567 1055 1631 dum
1079 1573 1193 1632 tamen
1223 1567 1267 1632 ad

213 1666 258 1744 id,
285 1671 387 1753 prout
415 1673 524 1733 status
546 1675 658 1734 vester
687 1669 802 1754 exigit,
825 1689 944 1735 manus
970 1669 1183 1755 porrexeritis
1209 1670 1266 1734 ad·

208 1767 356 1853 jutriees,
379 1769 529 1834 animum
560 1775 789 1856 conceperunt,
812 1769 908 1835 vobis
931 1770 1073 1856 objicere
1103 1792 1178 1836 oum
1204 1771 1266 1834 im-

212 1871 363 1955 properio
402 1891 614 1956 nequequam
644 1871 790 1949 valeant,
822 1871 912 1957 quod
947 1893 989 1936 ex
1023 1872 1143 1938 vestris
1173 1877 1266 1937 tena-

215 1973 316 2040 oitate
350 1977 385 2038 et
422 1971 553 2038 delectu
584 1973 641 2038 via
674 1977 791 2059 pateat
827 1973 979 2039 hostibus
1017 1974 1089 2038 sine
1126 1974 1265 2059 repulsa,

211 2080 323 2162 partes
344 2079 480 2152 vestras,
502 2079 543 2138 ut
574 2079 772 2161 proponunt,
804 2095 880 2142 eum
911 2075 1060 2160 personis
1092 2080 1127 2141 et
1158 2076 1264 2153 rebus,

214 2177 364 2244 totaliter
386 2176 586 2244 destruendi.

213 2389 312 2468 meam
329 2391 477 2470 testatius>
553 2392 743 2458 Venerabili
774 2393 812 2456 in
838 2391 972 2459 Christo
1005 2392 1094 2478 patri
1132 2391 1265 2457 domino
1278 2403 1320 2456 rol.
1334 2409 1390 2457 ree.

212 2471 287 2573 {1¹4}ss
288 2466 431 2585 wlff
431 2475 476 2576 ἓξ,
509 2494 665 2573 Waltero,
688 2493 753 2561 Dei
782 2495 899 2582 gratia,
924 2493 1115 2560 Oantuarise
1147 2493 1264 2560 Archi-
1277 2486 1397 2604 {imm

213 2590 252 2640 lut
263 2589 340 2654 praue,
351 2599 399 2642 01⁰·
506 2597 666 2682 episeopo,
689 2597 794 2662 totius
820 2596 952 2683 Angliea
979 2596 1128 2673 Primati,
1151 2595 1409 2684 aroer-anam

211 2694 282 2773 dus,
297 2697 511 2782 permissione
527 2699 650 2777 divina,
665 2699 901 2764 Dunolmensis
916 2699 1096 2786 episeopus,
1112 2720 1263 2764 reveren·
1277 2686 1395 2802 Dutrpsm

213 2797 296 2862 tiam
319 2803 353 2864 et
375 2799 540 2866 honorem.
588 2801 641 2865 Ex
655 2801 828 2867 affectibus
847 2801 1023 2867 ostenditis
1045 2801 1264 2867 exterioribus
1276 2759 1428 2884 dhhiimop

212 2906 337 2985 quanto
359 2901 429 2968 zelo
451 2907 563 2968 vestra
591 2903 775 2989 paternitas
803 2903 964 2968 exuberat
994 2925 1072 2989 erga
1094 2902 1262 2969 eeclesiam
1275 2884 1419 3002 grangr-

213 3000 480 3082 Dunolmensem,
504 3010 702 3091 quantaeque
724 3005 907 3072 affectionis
937 3005 1168 3091 magnitudine
1190 3026 1262 3091 per·
1275 2967 1380 3084 maging

213 3126 327 3172 sonam
358 3111 507 3173 nostram
530 3108 748 3194 amplectetur
770 3108 910 3174 reversis
932 3107 1185 3195 fatigationibus
1214 3107 1262 3172 a·
1275 3084 1419 3202 ‘hqffiggr

211 3208 372 3288 oessitam,
408 3209 488 3274 dum
525 3231 586 3296 pro
624 3211 747 3275 nostris
784 3209 821 3273 in
857 3210 1000 3276 instanti
1039 3210 1262 3276 Parliamento
1275 3165 1414 3298 blesam

211 3311 353 3398 negotiis
379 3311 619 3397 promovendis,
643 3317 804 3398 tanquam
818 3311 976 3398 propriis,
1000 3311 1088 3378 vires
1111 3316 1152 3376 ut
1173 3333 1262 3378 aece-
1276 3285 1420 3402 fflffissf

213 3413 326 3499 pimus¹
353 3413 553 3480 adhibuistis
583 3414 724 3501 vigiles;
755 3415 796 3480 de
822 3435 887 3500 quo
910 3421 1030 3481 vestrae
1061 3415 1263 3502 assurgimus
1275 3432 1338 3496 apae
1350 3418 1381 3467 οἵ

213 3515 402 3582 eelsitudini
433 3517 476 3582 ad
508 3516 734 3604 praeeordialia
765 3537 904 3581 munera
936 3517 1128 3603 gratiarum.
1175 3516 1264 3602 Erga
1275 3483 1402 3536 mm

106 3681 109 3688 .
210 3639 271 3684 nos
293 3619 398 3705 igitur
420 3625 610 3705 ooneeptam
632 3618 901 3684 benevolentiam
925 3618 962 3683 in
984 3618 1050 3684 hiis
1066 3640 1140 3705 quae
1163 3618 1262 3684 liber-

211 3729 316 3791 tatem
338 3725 597 3792 Dunolmensem
626 3730 662 3792 et
691 3725 860 3792 eeclesiam
890 3725 1091 3812 eontingrmt
1119 3725 1262 3812 gratiose

213 3847 401 3912 quaesumus
434 3827 607 3894 eontinuet
638 3832 750 3894 vestra
780 3827 964 3914 paternitas
1001 3827 1189 3906 reverenda,
1228 3831 1264 3893 et

212 3929 327 3996 eadem
359 3951 435 3996 eum
464 3929 640 3997 nenessitas
672 3929 849 4007 emerserit,
875 3929 1005 3995 intuitu
1032 3929 1262 3995 retributionis

210 4037 344 4100 aeternae
366 4033 495 4111 habeat,
511 4033 540 4098 si
562 4032 698 4118 piasset,
714 4033 836 4098 affeetu
857 4031 1002 4118 propitio
1024 4031 1261 4110 commendata,

211 4139 323 4202 vestra
344 4135 440 4202 nobis
461 4133 668 4220 beneplacita
690 4135 761 4199 sine
784 4131 970 4199 diffidentia
991 4133 1054 4198 sub
1119 4184 1126 4200 .
1172 4183 1179 4199 .
1226 4131 1264 4198 ,ὓ

211 4237 432 4304 rescribentes
488 4236 608 4302 Vestra
629 4236 740 4302 valeat
761 4233 947 4302 reverentia
969 4234 1028 4301 diu
1050 4255 1206 4321 prospera
1228 4238 1263 4299 et

212 4339 335 4418 votiva,
362 4339 405 4406 ad
428 4338 665 4405 exaltationem
689 4337 843 4406 Eeelesiae
862 4336 1052 4416 Catholicae,
1068 4343 1103 4403 et
1124 4357 1186 4403 sua
1204 4357 1262 4402 ne·

210 4442 303 4529 gotia
326 4441 456 4507 utiliter
477 4441 659 4528 dirigenda.

245 4730 252 4763 ¹
270 4731 350 4783 altero
361 4729 388 4782 in
401 4730 458 4782 MS.
730 4727 735 4796 Ι
790 4727 926 4795 limparis,
937 4729 1098 4794 apparently,
1109 4727 1137 4778 in
1148 4727 1206 4780 MS.
