3474 5782
444 841 522 910 xcvi
886 853 1050 903 ranuscn

492 1041 681 1126 Expectant
719 1039 808 1123 quod
847 1037 956 1103 adhuc
993 1037 1179 1103 claudicare
1204 1037 1331 1102 'debeat
1361 1036 1399 1100 in
1437 1035 1507 1098 suis

444 1143 570 1208 semitis
595 1141 704 1206 victus
728 1139 863 1204 funibus
886 1139 1099 1224 paupertatis

490 1257 678 1341 Expectant
704 1254 837 1339 quoda
858 1252 988 1318 casibus
1011 1274 1080 1318 non
1095 1252 1217 1338 eripiat
1242 1270 1421 1337 pauperem
1448 1249 1507 1333 qui

492 1469 651 1556 Oogitent
666 1469 754 1554 quod
769 1467 854 1533 male
870 1469 1020 1553 cogitant
1035 1469 1168 1554 quando
1184 1466 1352 1553 pullorum
1366 1464 1507 1550 negavit

446 1593 552 1638 escam
568 1571 626 1656 qui
652 1571 689 1634 in
711 1570 789 1635 altis
810 1569 943 1635 habitat
970 1575 1005 1635 et
1028 1569 1141 1636 firmat
1155 1569 1366 1634 firmamento
1390 1565 1506 1631 stabili

444 1679 551 1738 totam
576 1678 706 1737 terram.

489 1785 509 1850 f.
528 1789 600 1852 133.
626 1783 777 1871 Epistola
799 1784 840 1849 de
862 1783 1096 1850 consolacione.

414 1947 421 1954 -
489 1899 510 1964 f.
540 1897 630 1966 13:3¹³.
655 1898 805 1985 Epistola
827 1899 868 1964 de
902 1899 982 1964 ludo
1004 1898 1199 1966 taxillorum
1226 1903 1267 1963 ut
1288 1896 1411 1982 aliquis
1433 1915 1504 1960 non

445 2001 589 2086 adoptat

489 2113 510 2178 f.
528 2111 618 2180 1331».
644 2113 793 2198 Epistola
807 2111 896 2198 quod
912 2111 1048 2176 divinus
1063 2113 1209 2178 intuitus
1224 2113 1314 2178 ditat
1329 2110 1500 2176 hominem

445 2220 480 2280 et
501 2214 660 2279 sublimat
681 2219 716 2278 at
740 2214 783 2279 ob
804 2213 866 2279 hoc
888 2218 1042 2279 movetur
1071 2214 1297 2280 succurrendo.

497 2330 516 2394 f.
535 2332 608 2395 134.
633 2329 783 2414 Epistola
805 2329 846 2394 de
869 2329 1098 2395 consolatione.

491 2445 514 2510 f.
533 2447 605 2511 134.
630 2443 780 2530 Epistola
802 2443 843 2508 da
865 2442 1096 2509 consolatione.

488 2559 510 2624 f.
540 2557 629 2624 1341).
654 2557 804 2644 Epistola
841 2559 974 2642 quando
1012 2557 1167 2623 subditus
1199 2578 1260 2623 suo
1297 2558 1433 2624 domino
1467 2578 1502 2622 se

445 2659 585 2745 subjecit
607 2658 805 2724 famulando.

489 2761 510 2825 fi
529 2757 619 2826 134b.
643 2759 793 2845 Epistola
807 2759 848 2824 de
864 2759 1073 2825 exultacione
1089 2759 1242 2842 ecclesias.

489 2862 511 2928 f.
537 2860 627 2927 134b.
663 2861 813 2948 Epistola
850 2863 939 2948 quod
976 2882 1083 2926 sermo
1120 2861 1380 2948 praedicatorum
1423 2861 1504 2927 salis

446 2963 564 3049 gratiae
588 2984 716 3048 semper
730 2961 852 3028 habere
875 2963 974 3028 debet
996 2962 1256 3028 condimentum.

489 3063 513 3129 f.
531 3067 603 3129 135.
628 3062 778 3149 Epistola
801 3063 843 3128 da
866 3063 1134 3130 convalescentia
1156 3064 1348 3130 amicorum.

490 3165 510 3229 f.
529 3167 601 3230 135.
621 3164 775 3250 Epistola
796 3163 1032 3250 archiepiscopi
1063 3162 1196 3250 oapuae,
1219 3164 1268 3230 tc.
1294 3163 1438 3249 [Walter
1459 3165 1502 3230 de

447 3266 545 3351 Ocra]
561 3267 662 3330 missa
676 3265 835 3350 magistro
849 3264 948 3330 Petro
964 3264 1005 3330 de
1028 3264 1151 3330 Vincis

491 3369 514 3434 s.
530 3371 602 3434 136.
626 3365 776 3453 Epistola
798 3367 931 3452 quando
958 3366 1049 3454 Papa
1063 3367 1328 3452 conquerebatur
1353 3367 1395 3434 de
1422 3368 1502 3434 Fre-

446 3471 554 3536 derico
570 3469 657 3554 [fr00]
681 3469 739 3554 qui
765 3469 852 3534 bona
873 3469 1016 3534 ecclesiae
1041 3470 1257 3555 usurpabat·

490 3571 511 3638 f.
536 3573 608 3636 136.
633 3569 747 3635 Letter
761 3569 846 3634 from
861 3569 950 3656 Pope
974 3570 1139 3664 Innocent
1155 3570 1251 3656 [III.]
1269 3577 1305 3636 to
1322 3570 1396 3637 Odo
1413 3572 1501 3659 [Iu]

447 3673 604 3759 Emperor
626 3672 665 3737 of
682 3669 739 3736 the
762 3670 915 3736 Romans.

490 3774 510 3838 f.
529 3773 603 3841 137.
626 3771 775 3859 Epistola
798 3772 886 3858 quod
913 3794 1040 3860 semper
1054 3772 1142 3860 gerit
1165 3773 1275 3860 ipsum
1298 3773 1335 3838 in
1358 3775 1501 3841 armario

446 3875 552 3940 cordis
568 3874 627 3939 sui.

490 3974 604 4043 f.137.
632 3974 783 4060 Epistola
804 3975 938 4060 quando
965 3981 1060 4062 pater
1086 3997 1155 4042 non
1178 3976 1297 4042 visitat
1322 3977 1432 4042 filium
1464 3979 1501 4044 in

445 4077 623 4143 scolasticis
638 4075 827 4162 disciplinis.

491 4187 513 4253 f.
541 4191 615 4256 137.
638 4187 787 4273 Epistola
809 4189 941 4274 quando
967 4189 1056 4256 filius
1079 4211 1147 4255 non
1170 4187 1270 4256 debet
1291 4191 1379 4257 bono
1402 4213 1500 4278 opere

446 4289 634 4376 lapidarius.

491 4391 513 4456 f.
530 4388 620 4460 137¹).
644 4389 794 4477 Epistola
809 4391 898 4478 quod
919 4413 1049 4479 sempor
1062 4392 1149 4480 gerit
1171 4393 1282 4480 ipsum
1304 4393 1341 4459 in
1356 4397 1498 4461 armario

447 4493 553 4559 cordis
576 4492 635 4558 sui

490 4591 620 4662 t137b.
644 4592 793 4678 Epistola
825 4593 958 4680 quando
980 4593 1115 4660 scolaris
1137 4595 1266 4662 accedit
1297 4596 1342 4662 ad
1364 4595 1498 4684 propria

446 4693 556 4760 studio
578 4693 735 4762 direlicto.
