3444 5792
645 781 831 900 mosoma
1199 831 1264 903 379

211 1039 294 1107 libet
308 1043 456 1106 vestmm
478 1037 695 1106 confessiones
716 1037 881 1118 audiendi,
897 1041 940 1117 et,
956 1059 1016 1126 pro
1038 1039 1137 1106 modo
1151 1039 1265 1126 culpae,
1278 1045 1348 1102 At).
1361 1052 1434 1102 1814.

210 1141 407 1229 injungendi
422 1141 517 1208 vobis
539 1141 755 1228 poenitentias
777 1141 946 1221 salutares,
962 1146 1003 1207 ut
1025 1143 1072 1207 sic
1086 1164 1146 1229 per
1159 1143 1266 1209 cordis

212 1245 412 1312 munditiam
434 1249 469 1312 ot
491 1244 704 1312 confessionis
732 1244 911 1322 lavacrum,
934 1244 1104 1310 sedentem
1126 1245 1170 1310 ad
1194 1245 1265 1311 Ma-

208 1347 341 1434 jestatis
364 1346 536 1414 dexteram
565 1346 603 1412 in
625 1345 762 1412 excelsis
795 1345 931 1411 liberius
954 1345 1170 1432 contemplari
1192 1367 1266 1432 pos-

213 1449 294 1528 sitis,
318 1454 354 1516 et
374 1448 484 1515 Deum
506 1448 689 1534 injudicio
713 1448 859 1514 securius
890 1448 1033 1528 intueri3
1062 1448 1266 1514 consimilem

212 1571 292 1617 vero
313 1554 512 1638 potestatam
534 1549 609 1616 aliis
630 1549 668 1614 in
689 1548 811 1614 nostris
833 1547 970 1615 civitate
994 1553 1030 1614 ot
1051 1547 1185 1614 dioecesi
1207 1570 1267 1636 per

212 1674 273 1720 nos
302 1653 508 1720 commissam
539 1652 576 1717 in
605 1650 735 1718 casibus
764 1655 800 1717 et
828 1650 978 1717 articulis
1008 1651 1184 1737 praedietis,
1206 1673 1265 1737 per

213 1759 410 1842 praesentem
434 1753 696 1820 commissionem
718 1752 872 1820 nolumus
894 1752 1084 1838 aliqualiter
1105 1774 1265 1820 revocare.

214 1857 258 1922 In
280 1857 375 1944 cujus
396 1856 445 1922 rei
467 1856 703 1934 testimonium,
726 1854 787 1920 has
808 1855 921 1921 literas
944 1859 1072 1920 nostras
1094 1855 1166 1920 fieri
1189 1855 1267 1922 feci-

213 1980 288 2024 mus
317 1963 477 2044 patentes,
501 1958 677 2024 duraturos
702 1956 806 2023 donec
831 1957 919 2023 vices
940 1961 1069 2022 nostras
1094 1957 1183 2024 dicto
1209 1957 1267 2024 dc-

213 2061 304 2128 mino
319 2061 464 2128 Roberto
478 2061 666 2128 commissas
681 2058 872 2126 duxerimus
887 2059 1094 2126 revocandas.
1139 2059 1265 2126 Datum

214 2167 275 2230 cta

214 2337 402 2390 Mamurium
436 2344 466 2388 uc
543 2287 713 2366 Ricardus,
740 2286 953 2374 permissione
984 2287 1106 2366 divina
1138 2287 1322 2372 Dunol·f0L
1336 2325 1382 2374 123
1394 2321 1418 2373 b,

215 2405 297 2458 debite
308 2405 465 2467 metuatur,
497 2390 620 2456 mensis
651 2389 841 2476 Episcopus,
868 2390 1065 2456 venerandae
1098 2390 1266 2478 religionis
1278 2401 1413 2467 Menum

215 2479 263 2524 0¹⁰·
496 2491 760 2570 vrrsoomno.
785 2491 1045 2558 ,Abarimon
1065 2468 1398 2586 nonnamfgobgff

215 2593 365 2673 salutern,
396 2592 547 2680 gratiam,
574 2597 610 2659 et
640 2592 911 2659 benedictionem.
970 2593 1058 2673 Quia
1086 2593 1195 2660 Adam
1226 2595 1267 2660 de

215 2695 431 2774 Thometona
446 2715 624 2782 germanus
640 2699 758 2774 vester,
773 2693 917 2761 ecclesiae
937 2695 978 2760 de
998 2693 1151 2761 Meldone
1173 2717 1267 2782 paro·

214 2801 360 2879 chianus,
375 2801 503 2867 notorio
517 2800 606 2866 infra
620 2799 759 2866 eandem
782 2798 971 2885 parochiam
993 2799 1084 2865 viam
1099 2800 1266 2868 universae

215 2902 322 2970 carnis
347 2922 454 2988 nuper
483 2901 658 2988 ingressus,
690 2900 855 2986 quendam
881 2899 1027 2966 habebat
1049 2921 1178 2988 equum,
1202 2903 1269 2988 qui,

216 3012 375 3092 tanquam
405 3004 524 3070 melius
550 3003 682 3082 animal,
701 3003 804 3089 juxta
835 3002 1106 3069 consuetudinem
1136 3005 1269 3070 illarum

216 3108 369 3196 partium,
393 3105 536 3174 ecclesiae
566 3106 742 3194 praedictae,
766 3105 899 3171 nomine
925 3106 1098 3172 mortuarii
1129 3107 1270 3174 debeba-

215 3216 280 3289 tur,
304 3231 402 3297 quem
426 3231 488 3276 neo
510 3209 708 3276 vendiderat
737 3229 799 3275 nec
821 3208 1004 3274 donaverat
1030 3213 1210 3295 antequam
1233 3212 1270 3277 in

216 3312 301 3379 lecto
324 3310 481 3378 decubuit
511 3310 730 3398 aegritudinis,
754 3309 812 3375 sed
834 3310 952 3388 voluit
976 3310 1056 3376 dum
1078 3312 1215 3392 viveret,
1240 3313 1270 3378 si

217 3413 422 3500 contingeret
446 3413 488 3477 dc
510 3433 549 3478 ec
571 3412 766 3478 humanitus
796 3411 914 3498 ipsum,
930 3417 1031 3498 prout
1052 3413 1171 3492 decuit,
1194 3421 1269 3479 ten-

217 3536 318 3603 quam
340 3513 566 3591 mortuarium,
590 3513 677 3580 sicut
698 3513 891 3599 accepimus,
917 3513 1060 3580 ecclesiae
1085 3537 1154 3581 suae
1176 3516 1249 3582 dari
1261 3541 1270 3597 ;

216 3639 276 3684 vos
306 3622 378 3682 tam
412 3620 527 3682 contra
555 3614 763 3681 voluntatem
796 3613 878 3680 dicti
911 3614 1067 3693 defimcti,
1098 3638 1198 3702 quam
1232 3619 1269 3684 in

217 3717 447 3808 praejudicium
476 3718 574 3784 dictes
612 3715 763 3794 ecclesiae,
798 3736 837 3782 ac
867 3716 980 3783 dilecti
1010 3717 1120 3784 clerici
1155 3721 1269 3799 nostri,

217 3821 343 3888 domini
378 3819 528 3897 Galsridi,
560 3818 695 3886 rectoris
730 3818 886 3904 ejusdem,
917 3818 1095 3885 vehemens
1137 3821 1269 3908 dispen-

218 3923 310 3989 dium
348 3926 383 3988 et
408 3922 582 4007 jacturam,
613 3919 789 4008 praefatum
821 3939 952 4004 equum,
986 3921 1162 4006 quominus
1193 3945 1269 3988 eum

212 4025 288 4112 jure
310 4023 453 4090 ecclesiae
486 4043 555 4088 suae
590 4019 695 4108 p'ossit
725 4021 864 4107 assequi,
888 4021 1054 4100 detinetis,
1079 4044 1138 4088 seu
1159 4023 1269 4090 facitis

216 4125 403 4192 voluntarie
440 4125 589 4190 detineri.
672 4123 833 4204 Quocirca
874 4127 1020 4188 vestram
1059 4124 1268 4192 dilectionem

217 4229 418 4298 carissimam
452 4228 573 4296 obnixe
610 4226 809 4312 requirimus
846 4231 882 4292 et
918 4247 1080 4314 rogamus,
1111 4230 1268 4314 quatinus

216 4333 427 4400 advertentes
458 4329 639 4417 prudenter
668 4333 795 4414 quanta
824 4328 971 4415 pericula
1005 4351 1048 4394 ex
1078 4331 1268 4399 detentione

216 4433 407 4520 hujusmodi
434 4432 536 4519 juxta
573 4429 761 4497 sanctiones
798 4429 972 4497 canonicas
1009 4436 1089 4498 sunt
1122 4435 1266 4514 suborta,

251 4629 327 4682 ¹See
345 4629 397 4680 vol.
416 4626 444 4678 ii.
464 4643 507 4694 pp.
529 4631 621 4684 oea-9.
635 4625 720 4676 where
761 4625 985 4691 bishcponcrk.
1021 4629 1267 4695 Scep.888‚onthe

217 4707 308 4774 bishop
320 4705 435 4760 Kailswc
453 4708 556 4772 appeuls
574 4705 615 4756 for
634 4704 723 4756 assut-
763 4719 833 4756 same
843 4709 944 4756 matter.
969 4741 971 4744 -

216 4804 280 4841 anca
291 4786 331 4858 ¹iu
350 4787 401 4838 this
419 4793 511 4840 matter
530 4792 558 4838 to
587 4785 632 4836 the
650 4783 723 4836 arch·
