3444 5792
462 873 525 937 386
895 885 1082 934 nxcrnrm.

291 1080 362 1132 su.
376 1083 447 1132 1³1⁴.
462 1073 538 1139 dem
568 1073 693 1140 ordinis
732 1074 959 1152 concessimus,
991 1079 1026 1139 et
1066 1073 1236 1140 licentiam
1262 1095 1324 1161 pm
1353 1073 1451 1140 nobis
1483 1076 1519 1136 et

461 1177 699 1244 successoribus
737 1176 859 1242 nostris
897 1197 936 1243 ao
973 1176 1166 1242 tenentibus
1197 1177 1319 1242 nostris
1350 1177 1389 1242 de
1420 1175 1518 1240 Gun-

461 1277 606 1364 wardby,
623 1284 786 1364 quantum
802 1279 839 1346 in
861 1278 959 1343 nobis
975 1283 1034 1356 est,
1057 1278 1210 1344 dedimus
1226 1279 1408 1366 specialem,
1424 1275 1519 1362 quod

460 1380 561 1445 iidem
592 1381 710 1446 fratres
740 1380 869 1466 possint
910 1379 1077 1446 includere
1108 1401 1212 1445 unum
1253 1381 1380 1445 fontem
1417 1399 1519 1464 aquae

460 1483 557 1560 vivae,
580 1503 679 1568 quem
701 1481 837 1560 habent,
853 1481 895 1546 de
913 1481 1001 1547 dono
1023 1481 1224 1568 R[adulphi]
1240 1483 1282 1547 de
1297 1483 1464 1568 Bameby,
1481 1482 1518 1545 in

460 1603 576 1670 eampo
590 1583 728 1650 australi
744 1583 785 1648 de
808 1582 1049 1668 Gunwardby3
1071 1589 1106 1649 et
1127 1583 1375 1652 adducendum
1391 1604 1517 1669 aquam

460 1685 501 1752 de
531 1686 645 1752 eodem
676 1685 768 1751 fonte
790 1706 895 1772 usque
926 1706 1080 1751 mansum
1107 1687 1285 1752 eonmdem
1312 1687 1456 1752 fratrum
1480 1686 1519 1750 in

461 1787 614 1865 Graham,
645 1807 704 1873 per
733 1787 863 1853 fistulas
885 1787 1066 1874 plumbeas,
1094 1809 1154 1875 per
1176 1809 1329 1876 eampum
1356 1789 1397 1854 de
1420 1787 1518 1853 Gun-

460 1890 599 1975 wardby
625 1890 830 1977 praedictum,
854 1890 925 1955 sine
948 1891 1187 1977 impedimento
1208 1892 1323 1969 nostri,
1351 1912 1517 1957 sumesso

460 2013 535 2056 rum
550 1991 606 2057 vel
619 1992 806 2057 tenentium
832 1995 1040 2085 nostrorumj
1062 1997 1098 2057 et
1111 1993 1154 2058 ad
1175 1991 1368 2058 fodiendum
1390 1997 1518 2058 terram

460 2093 498 2156 in
520 2093 686 2159 communi
708 2097 846 2179 pastura
870 2093 1038 2178 praedictae
1061 2093 1160 2171 vilice,
1185 2115 1245 2180 pro
1272 2094 1370 2160 dietis
1392 2094 1519 2158 fistulis

460 2195 629 2280 ponendis,
658 2194 851 2280 reparandis
878 2201 913 2260 et
939 2196 1149 2282 corrigendis,
1174 2196 1457 2282 quotienscunque
1482 2201 1517 2260 et

460 2297 723 2382 quandocunque
764 2296 937 2382 positione,
984 2298 1191 2382 reparatione
1229 2303 1265 2362 et
1306 2299 1516 2372 correctione,

460 2398 674 2485 indiguerint
707 2403 742 2463 et
773 2398 872 2464 dictis
902 2398 1062 2464 frutribus
1094 2399 1276 2466 necessario
1307 2399 1416 2478 fuerit,
1449 2400 1514 2484 [et]

459 2518 691 2586 opportunum.
751 2499 806 2564 Ita
836 2505 956 2578 tamen,
990 2501 1079 2586 quod
1112 2502 1193 2568 dicti
1233 2501 1353 2567 fratres
1387 2501 1514 2568 faciani

459 2609 581 2668 terram
604 2603 651 2669 sic
673 2601 824 2668 effossam
847 2603 971 2689 reponi,
994 2625 1053 2688 pro
1076 2608 1212 2689 pastura
1233 2602 1419 2670 eommuni¹

290 2819 334 2870 sol.
349 2781 405 2871 ron.
460 2839 596 2890 concessio
608 2839 736 2904 pensionis
814 2806 985 2884 Ricardus,
1008 2809 1222 2893 permissione
1238 2808 1361 2886 divina,
1384 2807 1513 2872 Dunol-

290 2900 427 3018 ffinffi
459 2907 551 2958 oraria>
562 2907 650 2974 Regis.
769 2908 893 2974 mensis
909 2909 1092 2995 episcopus,
1108 2909 1230 2976 dilecto
1245 2909 1362 2976 clerieo
1377 2909 1514 2974 domino

290 3033 396 3096 pannon
408 3042 435 3084 to
459 3011 606 3077 Johanni
621 3012 663 3077 de
679 3010 838 3088 Hothom,
853 3011 1002 3088 salutem,
1018 3011 1160 3098 gratiam
1184 3018 1219 3076 et
1240 3011 1513 3078 benedictionem.

289 3098 406 3215 iffi&
459 3112 545 3178 Oum
567 3136 645 3200 erga
660 3113 918 3180 Dunolmensem
933 3113 1103 3180 ecelesiam
1118 3119 1153 3179 et
1167 3119 1314 3179 nostram
1330 3135 1512 3200 personam,

290 3231 400 3281 untuhe
458 3236 479 3280 a
501 3221 649 3302 tempore
671 3215 843 3301 regiminis
866 3215 1012 3302 ejusdem
1035 3215 1131 3281 nobis
1153 3216 1326 3294 commissi,
1342 3215 1454 3302 potius
1470 3225 1512 3280 ex

290 3297 431 3413 fflhff
458 3317 584 3384 innatae
607 3318 844 3384 benivolencia
866 3318 1084 3404 plenitudine,
1109 3339 1208 3404 quam
1231 3324 1416 3385 nostrorum
1439 3317 1512 3383 exi-

289 3379 439 3480 videdpwith
457 3421 572 3507 gentis
605 3421 806 3498 meritorum,
843 3419 1051 3486 voluntatem
1088 3421 1227 3508 gesseris
1263 3421 1510 3508 amplissimam,

288 3509 430 3613 {3¹32}
458 3523 544 3589 sicut
566 3523 690 3609 pluries
714 3522 890 3589 ostendisti
912 3523 1085 3588 veracibus
1108 3523 1323 3600 documentis,
1345 3544 1412 3588 non
1433 3543 1511 3588 cen-

290 3626 401 3678 siastieal
458 3644 566 3687 semus
587 3623 711 3688 rationi
733 3623 911 3700 dissonum,
934 3622 963 3685 si
986 3621 1100 3688 taliter
1129 3627 1164 3687 te
1186 3621 1402 3690 facultatibus
1423 3623 1511 3707 ejus-

288 3693 408 3746 ΜΘΝ·
457 3725 532 3791 dem
555 3725 699 3792 ecclesiae
722 3724 844 3790 senties
866 3723 1076 3801 honoratum,
1092 3745 1157 3810 quo
1179 3729 1214 3789 te
1235 3724 1382 3810 gaudeas
1404 3725 1511 3790 eidem

456 3821 627 3893 retroactis
649 3826 852 3912 temporibus
883 3823 1149 3891 benevolentiam
1180 3825 1389 3912 impendisse,
1412 3829 1446 3890 ei
1467 3824 1511 3890 ad

456 3928 492 3995 id
523 3929 559 3994 in
590 3928 740 3993 futurum
772 3925 891 3992 fortius
921 3925 1074 4011 alligeris.
1121 3925 1185 3992 Pro
1217 3931 1286 3992 tuae
1320 3926 1425 4014 igitur
1453 3925 1508 3990 de-

455 4031 600 4098 votionis
633 4029 788 4116 obsequio
819 4029 1017 4116 gratissimo,
1049 4027 1147 4094 nobis
1178 4034 1214 4095 et
1247 4029 1346 4096 dictae
1368 4028 1510 4095 eeclesiae

455 4139 577 4199 nostrae
599 4132 817 4199 Dunolmensi
847 4131 1018 4218 hucusque
1044 4131 1202 4217 impenso,
1226 4132 1321 4197 etin
1342 4135 1509 4217 posterum

456 4234 630 4302 efficaciter
662 4233 892 4320 impendendo,
925 4253 1028 4298 unam
1062 4253 1208 4300 annuam
1242 4232 1434 4320 pensionem
1460 4232 1509 4294 vi·

488 4533 578 4585 ¹This
614 4532 768 4583 instrument
795 4529 818 4581 is
853 4531 955 4581 entered
1005 4534 1021 4560 ‘¹
1038 4545 1107 4580 auno
1119 4529 1223 4580 Domini
1240 4527 1376 4579 millesimo
1388 4533 1509 4578 trecente

454 4631 523 4666 more
546 4614 611 4679 fully
629 4613 655 4662 in
673 4611 807 4663 Kellawe's
831 4611 954 4676 Register,
1005 4612 1022 4638 “
1040 4609 1104 4659 simo
1116 4615 1207 4673 quarto
1223 4606 1509 4672 decimqetpontifica·

454 4697 504 4745 roi.
523 4693 550 4744 ii.
571 4709 597 4758 p.
622 4697 677 4743 125.
711 4691 737 4741 It
754 4691 776 4741 is
793 4691 866 4742 there
879 4692 955 4740 dated
1008 4691 1025 4719 ‘⁸
1042 4687 1177 4740 turnostri
1188 4687 1291 4740 tertio.'’

453 4779 468 4802 ‘¹
486 4773 555 4838 apud
566 4770 695 4822 Abreiord
713 4769 789 4833 xiiijc
807 4769 849 4820 die
868 4768 953 4833 April,
