3444 5792
460 847 525 908 408
893 858 1082 906 messem.

460 1063 574 1106 sumus
612 1017 775 1106 instantia
814 1041 1027 1126 requirentes,
1065 1041 1231 1126 quatinus,
1262 1045 1363 1126 prout
1403 1040 1519 1106 laudn-

460 1145 572 1222 biliter
606 1144 794 1222 inchoastis,
826 1145 916 1230 apud
938 1144 1109 1211 dominum
1142 1151 1294 1210 nostrum
1328 1144 1453 1230 Regem
1486 1147 1520 1206 et

461 1247 645 1312 Consilium
668 1269 765 1312 suum
797 1247 909 1311 velitis
940 1247 1148 1333 interponere
1179 1251 1291 1332 partes
1321 1252 1457 1322 vestras
1481 1250 1521 1309 ut

459 1369 558 1433 super
580 1349 749 1434 praemissa
771 1347 940 1435 petitione,
964 1369 1021 1414 seu
1044 1347 1132 1426 billa,
1157 1348 1271 1414 debita
1301 1347 1360 1413 fiet
1381 1349 1412 1412 ei
1437 1347 1519 1432 [jus-

460 1450 559 1534 titia].
1237 1513 1243 1522 ,

506 1551 551 1616 Et
577 1552 657 1637 quia
686 1551 796 1617 dictus
831 1551 996 1616 bobertus
1031 1549 1304 1616 Constabularius
1337 1555 1389 1616 est
1419 1551 1520 1616 castri

460 1655 565 1718 nostri
607 1654 849 1732 Dunolmcnsis,
888 1660 1023 1741 propter
1060 1655 1148 1741 quod
1186 1655 1229 1719 ad
1266 1655 1356 1718 illius
1391 1655 1520 1740 negotii

461 1757 729 1842 prosecutionem,
750 1761 885 1842 propter
906 1763 1032 1821 metum
1056 1757 1237 1833 Scotorum,
1257 1756 1299 1821 ad
1319 1762 1428 1842 partes
1451 1776 1519 1820 non

462 1863 571 1944 potest
593 1859 743 1924 accedere
767 1865 835 1924 tam
859 1865 1010 1935 remotas,
1029 1860 1133 1945 ipsius
1152 1879 1339 1944 quaesumus
1361 1857 1520 1922 habentes

461 1959 645 2024 absentiam
669 1965 868 2036 excusatam,
892 1960 1005 2025 velitis
1032 1983 1128 2048 agere
1159 1965 1198 2024 ut
1224 1981 1282 2044 per
1313 1965 1519 2024 ottomatum

462 2083 559 2126 suum
583 2083 645 2148 ope
672 2063 776 2128 vestri
800 2063 930 2127 consilii
961 2063 1087 2128 dictum
1120 2063 1224 2148 possit
1255 2061 1427 2148 negotium
1462 2083 1518 2126 ex-

462 2161 577 2248 pediri,
616 2163 663 2227 sie
701 2169 771 2228 tam
805 2163 949 2248 justitiae
988 2185 1086 2247 quam
1125 2162 1294 2247 requitatis
1332 2183 1392 2226 vos
1425 2161 1519 2226 exhi·

465 2264 579 2328 bentes
603 2263 814 2329 laudabiliter
845 2270 1033 2342 amatorem,
1057 2270 1096 2329 ut
1118 2265 1274 2329 innocens
1304 2263 1341 2327 in
1364 2285 1423 2328 sua
1452 2283 1519 2327 non

466 2367 672 2452 opprimatur
698 2367 842 2452 justitia,
865 2388 925 2432 nec
951 2366 1131 2452 praevaleat
1164 2365 1325 2451 iniquitas
1358 2365 1518 2450 aequitatt

464 2490 502 2534 ac
524 2491 566 2532 ex
589 2473 684 2532 tanto
712 2469 848 2554 pietatis
871 2489 975 2554 opere,
999 2473 1120 2554 praeter
1142 2467 1273 2534 laudem
1303 2489 1378 2553 quaa
1400 2468 1519 2532 exinde

464 2571 581 2635 merito
620 2571 715 2635 vobis
749 2570 924 2635 debebitur
959 2571 1002 2635 ab
1033 2570 1233 2646 hominibus
1264 2567 1518 2656 compararetis¹

464 2673 637 2759 praemium
653 2673 743 2759 apud
758 2671 875 2737 Deum.
922 2671 963 2736 In
979 2673 1094 2737 votiva
1109 2673 1189 2736 vitae
1204 2671 1411 2758 longitudine
1426 2692 1519 2735 sanc·

463 2780 533 2840 tam
571 2774 806 2859 paternitatem
844 2778 988 2839 vestram
1028 2778 1199 2840 conservet
1232 2773 1339 2838 Filius
1371 2771 1518 2859 Virginis

462 2875 619 2965 gloriosae.

295 3083 340 3135 fol.
355 3090 410 3136 164.
511 3064 679 3140 Ricardus,
699 3064 912 3149 permissione
931 3064 1055 3141 divina,
1076 3063 1311 3128 Dunolmensis
1331 3062 1518 3149 Episcopus,

296 3163 450 3239 Thebishpp
465 3166 605 3230 discreto
637 3167 716 3244 vire,
741 3172 775 3231 et
809 3167 998 3252 praedilecto
1030 3167 1094 3230 sibi
1126 3167 1162 3229 in
1197 3165 1339 3242 Christo,
1367 3164 1517 3230 Michaeli

296 3230 452 3345 iemioff
466 3269 506 3332 de
538 3269 698 3346 Meldone‚
729 3269 879 3346 salutem,
912 3269 1062 3353 gratiam,
1097 3273 1132 3333 et
1165 3269 1434 3344 benedictionem,
1470 3268 1519 3331 di-

294 3361 412 3478 gffle
466 3369 604 3434 vinam²
627 3377 662 3435 et
688 3371 830 3456 gratiam
863 3371 1054 3436 Salvaton's.
1110 3371 1254 3435 Probata
1287 3371 1369 3434 fides
1402 3374 1518 3444 vestra

296 3494 445 3554 minuar,
465 3495 524 3558 per
546 3495 645 3557 quam
668 3473 813 3538 nobilem
837 3475 947 3538 virum
981 3475 1152 3538 dominum
1175 3479 1325 3538 vestrum
1357 3469 1518 3538 Comitem

297 3559 432 3690 fflffive
466 3575 665 3640 Lancastriae
700 3599 829 3662 semper
861 3577 1028 3652 inducitis,
1052 3575 1194 3652 allicitis,
1217 3581 1252 3640 et
1283 3575 1432 3650 movetis,
1453 3595 1519 3638 non

298 3692 436 3742 thewaru.
465 3676 571 3741 solum
611 3684 651 3742 ut
690 3679 799 3756 faeiat,
840 3679 897 3743 sed
936 3679 1037 3742 etiam
1075 3677 1146 3742 fieri
1179 3682 1342 3763 procuret,
1376 3676 1518 3741 debitam

297 3758 399 3875 {Q}
465 3779 617 3844 omnibus
643 3781 813 3866 justitiam
836 3787 871 3846 et
903 3801 1091 3867 congruam,
1111 3780 1212 3864 juxta
1234 3779 1431 3865 qualitatem
1463 3800 1518 3844 ne

298 3891 433 3941 lmusand
465 3881 548 3968 gotii
572 3882 634 3967 [et]
662 3883 832 3960 rationem,
858 3887 958 3968 prout
989 3881 1132 3967 quodam
1156 3882 1264 3946 laudis
1296 3881 1458 3966 praeoonio
1480 3881 1519 3944 de

298 3964 446 4008 ‘mmm'
465 3981 561 4046 vobis
594 3983 754 4067 praedicat
785 3983 919 4068 publica
949 4005 1017 4047 vox
1052 3987 1087 4048 et
1120 3981 1217 4058 fama,
1243 3981 1346 4046 vestri
1379 3981 1520 4046 nominis

466 4085 649 4150 bonitatem
695 4085 897 4170 multiplicet
935 4085 1026 4170 apud
1068 4085 1226 4161 homines,
1270 4089 1305 4148 et
1348 4083 1519 4169 praemium

466 4186 561 4250 vobis
580 4193 749 4272 comparat
770 4187 860 4272 apud
879 4188 1009 4266 Deum,
1031 4186 1272 4272 propterquod
1292 4185 1520 4254 discretionem

467 4293 612 4353 vestram
639 4288 837 4373 requirimus
860 4294 895 4352 et
925 4309 1078 4374 rogamus
1113 4288 1271 4373 quatinus
1305 4309 1379 4353 cum
1414 4288 1519 4353 dictus

469 4389 624 4453 dominus
645 4395 756 4454 vester
778 4390 889 4454 minus
912 4389 1155 4454 rationabiliter
1177 4411 1237 4453 nos
1260 4389 1420 4474 impediat
1441 4410 1519 4473 quo-

468 4491 585 4568 minus,
608 4491 788 4555 secundum
818 4491 1007 4556 libertatem
1032 4491 1147 4556 Sancti
1175 4489 1361 4566 Cuthberti
1385 4496 1420 4554 et
1441 4489 1519 4554 huc-

468 4614 572 4677 usque
604 4593 775 4658 obtentam
802 4593 1073 4660 consuetudinem
1105 4593 1248 4659 ccclesia
1279 4591 1519 4670 Dunelmensis,

476 4720 535 4730 ,⁶—
545 4718 650 4726 --.-.

502 4769 509 4800 ¹
527 4771 701 4836 compatereris
712 4769 738 4819 in
750 4769 806 4820 llS.
993 4771 998 4837 Ι
1054 4769 1064 4802 ²
1080 4769 1167 4820 divina
1178 4777 1203 4819 ct
1213 4771 1297 4835 qratia
1309 4769 1337 4818 in
1349 4768 1406 4822 MS.
