3444 5792
459 860 524 924 416
894 871 1081 922 nxcnnrra

291 1079 334 1131 sol.
348 1085 403 1134 rsa,
458 1085 556 1138 Lim
574 1103 620 1151 pro
638 1095 717 1136 attor·
796 1057 921 1122 Tenere
952 1057 1166 1143 praesentium
1198 1061 1311 1142 pateat
1336 1052 1517 1128 universis,

291 1159 422 1225 Appona
459 1153 714 1204 ¹¹⁸²⁰⁰⁰¹²¹ti²¹¹0¹¹d⁰·
750 1161 840 1245 quod
877 1181 947 1245 ego,
982 1159 1032 1224 W.
1068 1160 1108 1224 de
1143 1159 1302 1244 Goswyk,
1340 1157 1518 1243 burgensis

291 1227 440 1359 ffi'efyff'
460 1261 611 1345 Berwyoi
650 1283 748 1346 super
782 1261 949 1338 Twedam
988 1262 1146 1326 dilectum
1185 1261 1268 1324 mihi
1306 1262 1343 1324 in
1378 1259 1519 1324 Christo

461 1364 639 1429 Ricardum
662 1364 694 1427 le
717 1365 853 1430 Maoeon
876 1366 916 1430 de
942 1365 1150 1450 Hertrepolle
1173 1370 1378 1429 attomatum
1404 1383 1519 1426 meum

460 1466 554 1542 facio,
582 1466 708 1544 ordino,
731 1473 766 1531 et
788 1468 954 1532 constituo
985 1489 1045 1552 per
1071 1473 1257 1552 praesentes,
1281 1467 1323 1530 ad
1354 1465 1518 1550 recipien-

461 1569 541 1632 dum
563 1591 623 1655 pro
638 1591 690 1634 me
706 1574 741 1633 et
762 1571 895 1634 nomine
918 1591 991 1634 meo
1013 1569 1239 1656 septingentas
1259 1575 1376 1655 quater
1392 1567 1520 1652 viginti

461 1670 562 1735 libras
593 1693 614 1735 a
645 1671 872 1736 collectoribus
903 1677 1063 1737 custumae
1093 1672 1252 1748 lanarum,
1285 1671 1460 1746 coriorum,
1485 1673 1520 1732 ct

462 1772 598 1858 pellium
629 1771 820 1838 lanutarum
850 1774 887 1837 in
916 1779 1015 1858 portu
1038 1773 1079 1837 de
1102 1772 1311 1859 Hertrepolle
1342 1773 1382 1836 de
1414 1771 1520 1836 exiti-

462 1874 524 1939 bus
547 1875 744 1954 eorundem;
773 1896 873 1960 quam
900 1875 1034 1961 quidem
1065 1877 1213 1962 pecuniae
1239 1896 1402 1940 summam
1430 1895 1519 1938 sere

462 1977 618 2040 nissimus
634 1977 785 2063 princeps
808 1983 843 2042 et
858 1977 1011 2042 dominus
1033 2000 1126 2043 meus
1142 1999 1201 2042 rex
1216 1977 1347 2064 Angliae
1363 1976 1518 2052 illustris,

463 2079 499 2142 in
530 2083 658 2164 partem
690 2079 864 2144 solutionis
895 2079 1102 2164 quarundam
1132 2080 1280 2165 pecunise
1311 2101 1519 2144 summarum

463 2180 635 2265 inquibus
657 2181 746 2246 idem
761 2182 914 2246 dominus
936 2181 1020 2245 mihi
1039 2187 1171 2246 tenetur
1185 2203 1228 2246 ex
1244 2182 1383 2246 diversis
1398 2182 1516 2257 causis,

463 2281 504 2346 de
527 2281 625 2346 dictis
648 2282 794 2348 exitibus
809 2283 1044 2368 percipiendas,
1068 2284 1228 2348 concessit
1249 2283 1333 2346 mihi
1355 2289 1391 2347 et
1413 2283 1518 2347 etiam

464 2383 654 2468 assignavit,
688 2389 787 2468 prout
821 2384 857 2447 in
888 2383 1010 2448 litteris
1044 2384 1126 2449 dicti
1159 2384 1285 2450 domini
1319 2385 1406 2470 regis
1437 2384 1517 2448 inde

464 2485 547 2549 mihi
592 2486 748 2550 confectis
793 2485 922 2571 plenius
967 2486 1180 2565 continetur;
1234 2491 1268 2550 et
1304 2485 1348 2551 ad
1386 2487 1518 2551 litteras

464 2588 697 2673 acquietantiae
727 2589 894 2654 faciendas
932 2588 1031 2654 dictis
1061 2589 1289 2655 collectoribus
1319 2590 1360 2654 de
1397 2589 1516 2666 soluto,

465 2711 503 2756 ac
527 2691 638 2754 omnia
661 2689 728 2754 alia
759 2697 795 2755 et
828 2677 960 2776 singula
981 2691 1131 2756 facienda
1162 2697 1197 2756 et
1228 2692 1411 2756 exercenda
1440 2713 1516 2776 quae

466 2793 551 2858 circa
573 2794 741 2878 praemissa
763 2791 888 2857 fuerint
903 2798 1089 2878 opportuna
1099 2793 1118 2871 ;¹
1142 2799 1252 2858 ratum
1275 2794 1457 2870 habiturus,
1482 2801 1517 2858 et

466 2894 598 2958 firmum
629 2893 787 2979 quicquid
817 2895 926 2959 dictus
949 2894 1109 2959 Ricardus
1139 2895 1272 2959 nomine
1306 2917 1379 2960 meo
1402 2896 1517 2960 fecerit

465 2997 502 3060 in
533 2996 595 3060 hac
627 3001 729 3082 parte.
792 2996 834 3058 In
866 2997 960 3082 cujus
993 2997 1042 3061 rei
1075 2997 1303 3061 testimonium
1338 3005 1515 3082 praesentes

465 3097 594 3163 litteras
627 3099 715 3162 dicto
747 3098 889 3163 Ricardo
920 3103 1074 3184 patentes
1105 3097 1168 3164 feci
1199 3098 1280 3176 fieri,
1303 3099 1411 3185 sigillo
1443 3121 1515 3164 meo

465 3203 621 3287 signatas.
668 3201 795 3266 Datum
818 3201 909 3286 apud
934 3201 1055 3287 Creyk.

297 3447 342 3500 fol.
356 3447 436 3500 150⁶,
466 3455 506 3504 De
518 3454 614 3503 vicario
630 3453 740 3520 gener-ali
818 3415 987 3492 Ricardus‚
1018 3421 1089 3492 etc,
1126 3415 1247 3482 dilecto
1281 3417 1358 3494 filio,
1393 3418 1515 3484 decano

297 3526 426 3590 Appoine
466 3537 510 3585 per
522 3522 669 3584 episcopum
681 3537 740 3570 c011·
774 3517 916 3582 eoelesiae
962 3517 1180 3602 praebendalis
1226 3517 1267 3582 de
1310 3518 1514 3604 Langoestoe,

298 3589 599 3726 ffipppffmtuendo.
773 3625 895 3684 nostras
930 3619 1086 3696 dioecesis,
1119 3620 1268 3698 salutem,
1299 3622 1452 3706 gratiam,
1482 3627 1516 3686 et

298 3726 429 3803 runcho
466 3721 735 3787 benedictionem.
798 3722 891 3785 inter
913 3721 1046 3806 negotia
1071 3722 1257 3806 prementia
1279 3743 1339 3787 nos
1365 3721 1515 3800 trersidue,2

299 3791 431 3908 {offla
467 3845 606 3910 quorum
641 3823 802 3889 varietate
835 3822 1057 3898 distrahimur,
1083 3845 1195 3888 curam
1227 3825 1391 3890 commissi
1422 3826 1514 3891 nobis

467 3926 645 4011 regiminis,
680 3925 776 3990 nobis
814 3924 990 4010 agentibus
1028 3924 1065 3988 in
1101 3925 1244 4002 remotis,
1278 3926 1323 3990 ad
1359 3926 1513 3992 honorem

468 4028 612 4094 ecclesiae
644 4033 766 4093 nostrae
800 4033 834 4090 et
866 4032 992 4092 statum
1023 4027 1173 4112 quietum
1209 4029 1331 4114 populi,
1364 4029 1513 4094 intimius

467 4131 626 4218 cupimus
658 4137 699 4195 ut
731 4135 890 4206 tenemur,
923 4129 1035 4214 peragi
1072 4135 1305 4215 competenter.
1375 4131 1515 4197 Emersis

468 4233 582 4318 itaque
605 4232 803 4318 quibusdam
825 4231 967 4318 negotiis
983 4232 1185 4318 urgentibus,
1201 4254 1342 4318 quorum
1357 4233 1514 4318 qualitate

468 4337 620 4422 pulsante
658 4339 879 4420 opportunum
921 4355 1033 4410 unum,
1068 4335 1287 4399 necessarium
1327 4342 1515 4421 reputamus

469 4443 503 4503 et
526 4438 703 4523 expediens
726 4437 768 4501 ad
791 4441 901 4522 partes
927 4435 1098 4500 Australes
1120 4437 1184 4501 iter
1206 4443 1357 4501 nostrum
1379 4438 1516 4524 dirigere

468 4540 554 4606 circa
580 4560 693 4603 eorum
724 4537 972 4623 promotionem,
1006 4536 1130 4601 ibidem
1165 4541 1205 4602 ut
1236 4538 1428 4623 conjicimus
1458 4539 1514 4604 ali·

503 4779 511 4813 ¹
527 4787 652 4846 oportuna
662 4779 689 4828 in
700 4779 757 4830 Mb.
988 4775 993 4843 Ι
1049 4775 1170 4854 ²oraidio
1181 4777 1207 4827 in
1219 4777 1276 4830 MS.
