3444 5792
466 879 531 942 418
899 891 1084 942 mamers.

464 1080 596 1166 propria
638 1084 837 1166 praeponunt
878 1079 1021 1166 negotia,
1059 1081 1162 1144 immo
1202 1079 1396 1165 plerumque
1432 1077 1517 1144 circa

463 1187 611 1247 nostram
640 1181 906 1267 inquietudinem
929 1181 1059 1246 instant
1080 1181 1276 1247 laboriosius
1299 1201 1402 1267 quam
1425 1179 1518 1266 quie-

463 1288 532 1348 tem
564 1285 645 1350 satis
678 1283 835 1370 compleri
866 1284 1019 1349 videmus
1046 1284 1203 1370 inopere
1234 1289 1269 1349 et
1299 1305 1358 1369 per
1388 1281 1518 1368 experi-

464 1388 590 1453 entiam
628 1379 808 1453 didicimus
828 1386 900 1473 jam
934 1407 1056 1452 serene.
1110 1385 1205 1451 Inter
1236 1385 1402 1471 siquidem
1443 1403 1517 1469 quae

463 1495 615 1556 nostrum
648 1487 785 1576 pigent¹
817 1489 966 1554 animum
1000 1493 1035 1553 et
1067 1493 1277 1554 commovent
1307 1488 1344 1552 in
1377 1488 1518 1552 immen-

464 1609 546 1668 sum,
586 1591 732 1677 graviori
765 1591 922 1654 nimirum
956 1590 1175 1656 commotione
1205 1590 1387 1666 turbamur,
1411 1593 1449 1653 et
1482 1587 1518 1650 in

463 1691 681 1758 tollerabilius
702 1693 911 1770 smtinemus,
934 1713 1009 1758 oum
1039 1713 1061 1758 a
1090 1691 1212 1757 nostris
1235 1691 1396 1756 ministris
1423 1689 1518 1754 delu-

465 1792 605 1871 diram}
631 1795 850 1860 irreverenter
886 1795 1135 1872 contemnimur,
1166 1798 1322 1859 nostrove
1359 1791 1519 1856 mandata

464 1915 524 1960 acu
546 1895 674 1962 monita
696 1895 790 1962 licita
812 1901 847 1962 et
868 1895 1027 1962 canoniea
1049 1895 1160 1960 debite
1182 1915 1250 1960 non
1272 1893 1464 1980 implentur.

509 1997 646 2062 Dudum
683 1999 829 2085 profecto
866 1998 947 2064 satis
996 2019 1140 2083 congruo
1178 2003 1326 2083 tempore
1363 1995 1516 2081 quaedam

463 2099 579 2166 brevia
602 2100 702 2186 regia,
726 2105 762 2165 et
782 2121 888 2164 unum
910 2101 999 2164 inter
1021 2100 1088 2166 alia
1110 2100 1200 2185 quod
1222 2100 1328 2187 magis
1350 2097 1517 2164 insidebat

464 2201 554 2268 cordi
583 2207 698 2268 nostro
732 2203 900 2288 quandam
931 2207 1072 2288 tangens
1098 2202 1259 2268 decimam
1282 2202 1341 2266 diu
1372 2207 1423 2266 est
1458 2201 1514 2265 do-

464 2303 555 2367 mino
578 2303 662 2390 Regi
685 2323 878 2381 conoessam,
902 2303 997 2369 vobis
1020 2303 1092 2370 vice
1122 2307 1238 2368 nostra
1265 2302 1418 2367 misimus
1440 2322 1515 2366 exe-

465 2405 604 2490 quenda,
638 2405 733 2470 vobis
772 2407 808 2470 in
842 2405 969 2472 virtute
1000 2405 1197 2471 obedientie
1229 2406 1316 2471 sicut
1345 2405 1515 2470 recolimus

464 2505 676 2593 injungentes
700 2508 789 2593 quod
819 2507 947 2574 dictum
980 2508 1087 2585 breve,
1107 2507 1210 2593 juxta
1239 2507 1292 2572 sui
1313 2507 1452 2572 formam
1482 2509 1515 2569 et

464 2609 618 2675 effectum
648 2610 685 2675 in
707 2609 860 2676 omnibus
883 2615 919 2675 et
940 2609 1079 2697 singulis
1101 2609 1250 2676 articulis
1272 2607 1514 2694 exequeremini

464 2711 664 2798 vigilanter;
686 2733 811 2798 nosque
844 2713 928 2778 citra
951 2712 1095 2779 Octabas
1117 2711 1252 2778 Paschae
1285 2712 1405 2776 ultimo
1433 2731 1514 2797 pree

465 2812 582 2878 teritus
609 2813 690 2898 quid
724 2814 765 2879 de
787 2813 851 2880 hoc
872 2814 1032 2882 fecissetis
1054 2813 1244 2892 redderetis,
1268 2814 1360 2880 omni
1382 2833 1513 2878 excusa-

464 2913 556 2980 tione
578 2915 770 3002 postposita,
793 2916 954 2982 certiores
1001 2915 1069 2981 Vos
1102 2935 1182 2980 vem
1212 2916 1338 2981 dictum
1362 2916 1461 2980 breve
1482 2919 1514 2978 et

465 3015 669 3094 mandatum,
691 3017 735 3082 ad
766 3016 897 3082 nullum
928 3017 1106 3084 articulum
1139 3016 1297 3084 distincte
1331 3023 1368 3083 et
1396 3023 1513 3103 aperte,

466 3117 523 3182 aed
545 3118 589 3183 ad
618 3139 723 3184 unum
746 3123 888 3198 tantum,
911 3119 989 3186 licet
1010 3119 1110 3184 multi
1132 3119 1210 3197 sint,
1233 3125 1269 3185 et
1290 3120 1513 3186 obscurissime

465 3219 709 3305 respondentes,
741 3220 802 3284 vix
835 3225 914 3286 ante
952 3221 1153 3306 quindenam
1188 3220 1323 3287 Paaohae
1355 3221 1398 3286 ad
1429 3221 1513 3286 idem

465 3325 635 3387 aetornum
673 3327 805 3409 tempus
838 3321 934 3388 nobis
979 3322 1207 3408 dignabamini
1244 3324 1421 3398 remittere,
1458 3327 1514 3387 aut

466 3423 547 3508 quid
569 3424 711 3510 egeratis
733 3424 775 3489 de
798 3445 837 3491 eo
858 3445 919 3490 nos
933 3424 1069 3492 reddere
1084 3425 1237 3492 certiores
1250 3447 1258 3504 ;
1280 3424 1513 3511 propterquod

465 3545 534 3590 non
568 3524 763 3604 haesitamus
801 3526 839 3590 in
875 3526 987 3612 aliquo
1020 3527 1102 3612 quin
1139 3525 1193 3590 die
1227 3525 1332 3592 Lunae
1368 3527 1514 3612 proximo

466 3625 580 3692 tuturo
601 3627 646 3692 ad
668 3633 803 3694 centum
834 3649 960 3694 marcas
992 3627 1046 3692 vel
1068 3627 1211 3714 amplius
1246 3628 1290 3692 ad
1314 3627 1513 3695 Smccarium

466 3728 726 3808 amerciabimur‚
751 3735 887 3816 propter
908 3735 1035 3796 vestros
1060 3735 1233 3816 torporem,
1256 3726 1515 3816 negligentiam,³

466 3834 501 3896 et
522 3829 696 3897 defectum.
734 3831 834 3898 Unde
849 3833 931 3899 seire
946 3853 1007 3898 vos
1029 3832 1185 3897 volumus
1200 3831 1297 3917 quod,
1314 3853 1357 3897 ex
1379 3854 1444 3919 quo
1458 3853 1513 3898 vos

466 3935 536 3998 tum
558 3931 640 3999 viva
660 3953 741 4000 voce
773 3953 873 4020 quam
896 3955 955 4020 per
986 3933 1115 4000 litteras
1137 3939 1267 4000 nostras
1292 3934 1335 4000 ad
1358 3955 1513 4020 exequen-

466 4033 546 4099 dum
569 4035 681 4102 omnia
714 4035 829 4102 brevia
860 4035 972 4101 debite
1004 4041 1039 4102 et
1073 4037 1307 4123 circumspecte
1333 4037 1514 4123 frequenter

466 4136 694 4216 excitavimus,
718 4137 893 4224 quicquam
915 4157 976 4224 pro
998 4137 1093 4204 vobis
1115 4138 1303 4205 excusabile
1318 4137 1513 4224 praetendere

466 4259 534 4304 non
556 4240 703 4326 potestis,
726 4241 815 4326 quod
836 4245 947 4306 totum
969 4241 1179 4328 dispendium
1203 4241 1289 4327 quod
1318 4261 1362 4306 ex
1383 4241 1447 4305 ista
1467 4261 1513 4304 se-

466 4346 588 4427 quetur
609 4341 736 4408 desidia
749 4341 786 4406 in
807 4341 927 4408 collum
950 4347 1099 4408 vestrum
1124 4343 1244 4408 debeat
1265 4361 1332 4408 non
1355 4341 1512 4406 immerita

466 4443 655 4529 retorqueri.
702 4441 981 4512 (lertificatorium
1013 4465 1092 4512 vero
1122 4445 1159 4510 in
1190 4444 1325 4532 negotio
1360 4446 1512 4531 tangente

502 4729 509 4761 ¹
528 4729 579 4792 Qy.
591 4727 613 4777 if
622 4735 667 4778 not
675 4735 789 4794 punpaur
801 4745 830 4781 or
837 4731 931 4796 pipern.
987 4728 994 4861 Ι
1051 4729 1063 4764 ³
1079 4725 1263 4796 negligentiam
1273 4728 1301 4778 in
1312 4727 1371 4781 Ms.

500 4807 511 4840 ²
527 4804 662 4857 delrcdinar
673 4805 699 4857 in
710 4807 768 4860 MS.
