3444 5792
474 898 539 961 388
905 909 1092 960 rucuma

307 1105 376 1158 ss).
389 1097 647 1165 1³1⁴·millesimo
670 1112 756 1165 οεοῦ.
779 1098 1033 1186 quartodecimo,
1055 1104 1091 1164 et
1121 1096 1373 1167 consecrationis
1393 1101 1515 1160 nosuae

475 1200 631 1287 queror

308 1407 351 1458 fol.
365 1404 445 1458 1555,
477 1395 517 1445 De
528 1393 666 1446 manuario
684 1395 745 1446 uie-
781 1361 784 1366 ’
822 1363 1012 1428 Venerabili
1044 1363 1081 1427 in
1104 1361 1238 1427 Christo
1270 1361 1366 1446 patri,
1391 1357 1523 1423 domino

308 1485 466 1536 Leaernom
477 1469 539 1512 ΜΟ
550 1461 716 1514 manendo.
778 1465 951 1543 Willelmo,
968 1465 1033 1531 Dei
1047 1466 1165 1552 gratia,
1182 1463 1379 1530 Eboracensi
1401 1461 1526 1526 archic-

308 1551 619 1669 {ibi’ffffipissfflpb
657 1567 789 1654 Angliae
827 1567 971 1652 primati,
1009 1567 1179 1643 Ricardus,
1211 1565 1360 1652 ejusdem
1393 1561 1527 1650 permis·

308 1684 579 1746 ademi-slone,
617 1667 850 1734 Dunolmensis
888 1669 1068 1754 episcopus,
1106 1667 1256 1744 salutem,
1296 1664 1527 1738 obedientiam,

309 1749 441 1867 ssffig'rf
478 1770 698 1836 reverentiam
713 1775 748 1835 et
762 1769 928 1834 honorem.
975 1769 1037 1834 Per
1059 1767 1217 1835 dilectum
1236 1767 1343 1832 filium
1358 1765 1528 1831 dominum

309 1883 449 1934 themar
480 1871 666 1938 Galfir'dum
690 1871 732 1937 de
766 1871 938 1937 Edenham
972 1875 1132 1937 rectorem
1155 1869 1300 1936 ecclesiae
1322 1869 1364 1933 dc
1386 1863 1529 1932 Meldon’

308 1948 406 2066 gffi
417 2015 448 2066 of
479 1993 586 2059 nuper
618 1973 812 2059 accepimus,
843 1973 991 2060 graviter
1035 1976 1298 2057 conquerentem,
1331 1969 1419 2055 quod
1445 1988 1528 2043 cum,

310 2082 434 2132 Menona
478 2075 686 2160 parochianis
709 2075 842 2140 illarum
865 2075 1012 2161 partium
1035 2075 1072 2138 iu
1099 2074 1170 2139 fata
1193 2072 1437 2148 decedentibus,
1461 2091 1528 2134 me

478 2176 544 2240 lius
566 2177 691 2243 animal
713 2199 788 2244 cum
812 2177 940 2242 meliori
971 2197 1089 2264 panno,
1113 2177 1246 2242 nomine
1269 2173 1451 2252 mortuarii,
1474 2172 1527 2236 de-

478 2279 596 2344 beatur
629 2285 664 2344 et
698 2279 770 2344 dari
804 2278 976 2345 consuevit
1006 2278 1151 2344 ecclesiis
1180 2279 1249 2343 suis
1278 2275 1529 2364 parochialibus,

473 2380 577 2466 juxta
599 2381 871 2447 consuetudinem
904 2381 941 2446 in
972 2380 1039 2445 illis
1061 2381 1214 2466 partibus
1244 2379 1404 2445 hactenus
1426 2377 1527 2441 usita-

479 2487 557 2560 tam,
580 2503 619 2549 ac
634 2483 770 2568 quidam
792 2481 901 2547 Adam
924 2482 965 2546 de
988 2480 1177 2562 Thornton’,
1201 2481 1300 2546 dictae
1324 2479 1466 2546 eeclesiae
1488 2477 1528 2542 de

479 2584 613 2650 Meldon
634 2584 862 2670 parochianus,
878 2588 913 2648 et
934 2604 1002 2648 non
1022 2583 1168 2661 alterius,
1184 2583 1274 2648 infra
1288 2582 1392 2668 ipsius
1406 2581 1527 2645 limites

478 2691 608 2752 naturae
641 2686 791 2752 debitum
836 2706 943 2772 nuper
981 2685 1120 2763 solvens,
1155 2689 1331 2770 postquam
1371 2685 1408 2748 in
1444 2682 1527 2747 lecto

478 2787 689 2874 aegritudinis
727 2787 893 2864 decubuit,
928 2786 1094 2872 quendam
1132 2785 1271 2853 haberet
1308 2807 1429 2872 equum
1471 2782 1528 2869 qni

477 2889 585 2955 eidem
608 2888 752 2955 ecolesiae
776 2893 946 2974 tamquam
968 2888 1086 2954 melius
1108 2888 1240 2966 animal,
1256 2888 1390 2953 nomine
1404 2891 1527 2952 mortu-

477 2991 548 3072 arii,
573 2990 762 3068 debebatur,
797 2989 971 3076 religiosus
1006 2991 1059 3054 vir
1092 2989 1194 3056 abbas
1216 2989 1308 3057 Novi
1330 2987 1528 3064 monasterii,

478 3092 703 3160 Cisterciensis
726 3092 861 3172 ordinis,
876 3097 999 3158 nostrae
1015 3093 1173 3170 dioecesis,
1197 3093 1325 3158 dictum
1348 3113 1471 3177 equum
1487 3090 1525 3154 de

478 3195 575 3260 domo
597 3195 679 3261 dicti
711 3195 870 3274 defuncti,
900 3216 976 3261 cum
1010 3196 1047 3260 in
1069 3196 1226 3262 extremis
1259 3200 1420 3282 ageretur,
1442 3191 1528 3258 sumi

477 3295 564 3373 fecit,
591 3301 626 3361 et
649 3296 778 3374 abduci,
801 3318 943 3382 eumque
965 3297 1141 3382 occupavit
1163 3297 1344 3382 hucusque,
1371 3295 1407 3360 in
1429 3294 1527 3360 dictae

478 3397 622 3463 ecclesiae
652 3419 721 3464 suae
755 3397 997 3484 praejudicium,
1021 3403 1056 3463 et
1090 3397 1200 3464 adhue
1221 3397 1332 3462 minus
1350 3397 1441 3483 juste
1473 3397 1528 3460 de

477 3499 564 3564 tinet
587 3505 802 3586 occupatum;
825 3504 960 3586 propter
982 3499 1071 3584 quod
1093 3499 1201 3565 dictus
1223 3503 1331 3566 rector
1353 3500 1472 3565 timens
1496 3501 1529 3563 et

476 3601 654 3686 conjiciens
669 3601 896 3688 supradictum
919 3621 1041 3686 equum
1067 3621 1127 3686 per
1148 3601 1256 3686 ipsum
1279 3599 1435 3668 abbatem
1449 3599 1527 3666 alie·

476 3703 558 3782 nari,
575 3725 651 3770 cnm
673 3703 718 3768 sit
741 3703 923 3789 [exempta]
947 3723 1088 3790 persona
1113 3707 1148 3769 et
1170 3709 1331 3790 suspecta,
1358 3710 1398 3770 ut
1418 3703 1527 3790 ipsum

477 3805 656 3872 faceremus
678 3807 876 3892 sequestrari
897 3827 958 3871 nos
988 3805 1173 3873 instanoius
1194 3807 1378 3892 requisivit.
1425 3805 1527 3892 Cujus

477 3907 693 3993 requisitioni,
715 3906 795 3974 licet
823 3906 919 3973 nobis
948 3906 1044 3992 justa
1072 3908 1237 3986 videatur,
1271 3930 1333 3974 nos
1356 3904 1528 3974 noientes³

478 4007 672 4086 satisfacere,
703 4029 779 4072 cum
800 4006 902 4073 iidem
924 4008 1027 4074 abbas
1058 4013 1093 4073 et
1125 4030 1232 4094 equus
1262 4007 1352 4074 infra
1385 4015 1527 4073 vestram

477 4110 646 4176 dioecesim
678 4109 806 4175 notorie
843 4115 1094 4188 commorentur,
1117 4111 1355 4198 paternitatem
1385 4117 1529 4177 vestram

477 4212 691 4278 reverendam
713 4210 913 4297 requirimus
935 4217 969 4277 et
991 4233 1154 4299 rogamus,
1171 4213 1330 4298 quatinus
1353 4212 1529 4299 praefatum

477 4336 599 4399 equum
622 4335 807 4399 usquequo
834 4313 962 4379 dictum
984 4315 1087 4380 fuerit
1101 4314 1233 4400 plenius
1248 4314 1289 4380 de
1301 4314 1379 4401 jure
1393 4315 1529 4381 rectoris

478 4416 637 4502 praedicti,
652 4420 779 4481 mutuae
795 4415 1036 4482 vicissitudinis
1060 4417 1210 4494 obtentu,
1234 4421 1270 4482 et
1283 4417 1322 4481 in
1343 4416 1529 4482 subsidium

473 4517 560 4604 juris
603 4517 761 4604 ejusdem,
793 4517 976 4604 dignemini
1010 4518 1187 4605 praecipcre
1231 4519 1438 4604 sequestrari.
1486 4518 1531 4584 Et

512 4691 520 4724 ¹
537 4692 670 4744 Kellawe’s
693 4691 820 4758 Register,
837 4693 888 4744 rol.
907 4691 932 4742 ti.
953 4707 978 4757 p.
1062 4691 1072 4724 ²
1089 4691 1173 4756 Scep.
1184 4696 1234 4745 379
1245 4691 1413 4744 ontbasame
1422 4692 1531 4756 subiect.

477 4776 535 4822 89⁴.
1058 4771 1070 4806 ⁸
1086 4771 1201 4822 valenter
1214 4771 1242 4822 iu
1253 4772 1312 4825 MS.
