3444 5792
441 830 505 894 396
875 841 1060 890 excusem

271 1042 343 1093 A.D.
355 1045 427 1092 1³17.
440 1027 658 1113 sanguineum
673 1031 823 1092 nostrum
838 1025 1052 1104 carissimum,
1067 1033 1186 1093 vestrae
1202 1029 1373 1096 sanctitati
1389 1029 1494 1116 plenis

270 1123 383 1238 {ffm
401 1129 613 1237 inati'estibus
645 1129 933 1209 commendamus3
967 1127 1138 1195 humiliter
1167 1130 1392 1216 supplicantes
1415 1153 1492 1216 qua·

271 1202 402 1304 siffis
441 1231 532 1296 tinus
555 1231 666 1317 ipsum
688 1231 887 1317 episcopum,
898 1250 996 1314 quem
1016 1231 1060 1296 ed
1082 1252 1216 1296 suorum
1238 1233 1491 1318 pmrogativam

271 1319 400 1434 Ipmbi-
439 1332 634 1398 meritorum
671 1333 716 1398 ad
753 1332 952 1418 dignitatem
984 1332 1200 1418 episcopalem
1234 1333 1437 1419 praedictam,
1458 1340 1492 1399 et

270 1386 396 1503 idisti.
438 1435 545 1499 nostri
576 1435 677 1499 etiam
700 1433 969 1511 consideratione,
997 1439 1109 1500 vestra
1137 1456 1246 1521 nuper
1266 1435 1416 1521 praefecit
1437 1437 1489 1501 bc-

437 1535 596 1620 nignitss,
619 1535 802 1622 dignemini
833 1535 1005 1600 favoribus
1027 1535 1216 1621 apostolicis
1247 1537 1428 1616 confovere,
1457 1545 1489 1604 et

438 1636 502 1701 sibi
524 1637 562 1700 in
584 1637 721 1722 agendis
743 1637 813 1701 suis
835 1657 895 1722 pro
918 1658 952 1702 se
975 1642 1010 1702 et
1032 1637 1169 1703 ecclesia
1191 1659 1252 1703 sua
1274 1637 1486 1704 Dunelmensi

437 1737 543 1802 nostri
575 1738 853 1824 contemplatione
883 1739 1015 1825 signum
1046 1739 1174 1826 aperire
1196 1741 1314 1826 gratiae
1337 1740 1485 1807 liberulis.

438 1839 620 1906 Conservet
655 1842 729 1926 [vos
760 1840 963 1918 Altissimus,
997 1841 1040 1907 ad
1075 1842 1224 1928 regimen
1255 1842 1400 1908 ecclesiae
1422 1865 1485 1908 sum

437 1949 568 2021 senctae,
585 1965 643 2029 per
657 1948 809 2029 tempora
830 1964 986 2029 prospera
1001 1947 1036 2008 et
1051 1943 1211 2029 longaeva
1256 1944 1385 2009 Datum
1399 1945 1483 2031 apud

438 2045 594 2123 Eborum,
616 2046 708 2110 xxiv.
733 2044 786 2110 die
808 2044 972 2131 Aprilis}1

267 2217 311 2268 fol.
324 2223 364 2270 oo.
437 2237 710 2302 mmmm
788 2195 981 2274 Edwardus,
1004 2201 1073 2274 etc,
1097 2197 1218 2264 diiecto
1248 2197 1481 2284 consanguineo

270 2295 424 2347 Restitution
437 2305 709 2382 lioptactafideliste
743 2303 777 2363 et
807 2297 898 2362 fideli
928 2319 988 2364 suo
1015 2297 1160 2364 Henrico
1182 2300 1224 2364 de
1250 2299 1344 2364 Bello
1368 2300 1481 2377 Monte,

269 2363 402 2440 die-¹³¹⁹*
437 2387 498 2436 ’Ψ
742 2401 872 2465 custodi
906 2401 1006 2466 castri
1040 2400 1282 2476 Dunelmensis,
1317 2403 1406 2488 quod
1438 2406 1483 2466 est

268 2494 389 2546 Inuum
437 2501 478 2566 de
501 2502 693 2588 episcopatu
716 2502 942 2580 Dunelmensi‚
967 2509 1106 2568 vacante
1130 2509 1165 2569 et
1194 2504 1231 2568 in
1252 2525 1357 2569 manu
1378 2511 1484 2570 nostra

269 2561 418 2614 nasamone.
437 2603 609 2681 existente,
633 2602 782 2668 salutem.
844 2605 930 2670 (ium
954 2605 1107 2669 dominus
1132 2604 1302 2670 Johannes
1333 2605 1483 2670 Summus

436 2702 592 2769 Pontifex
615 2704 773 2770 dilectum
796 2705 952 2771 clericum
974 2711 1009 2771 et
1030 2707 1312 2792 consanguineum
1336 2712 1482 2772 nostrum

437 2805 657 2892 Lodewycum
695 2806 737 2870 de
775 2805 868 2872 Bello
906 2807 1029 2885 Monte,
1068 2807 1313 2872 thesaurarium
1347 2809 1483 2874 ecclesiae

436 2907 543 2972 beatae
567 2906 681 2972 Mariae
706 2905 834 2984 Sarum,
858 2909 895 2972 in
915 2909 1105 2993 episcopum
1127 2907 1385 2974 Dunelmensem
1407 2931 1483 2994 prae-

436 3006 558 3084 fecerit,
588 3013 623 3073 et
652 3013 826 3094 pastorem,
858 3009 945 3074 sicut
975 3030 1034 3094 per
1063 3008 1177 3074 literas
1209 3009 1354 3074 bullatas
1385 3011 1481 3096 ipsius

436 3107 566 3174 Summi
596 3107 775 3186 Pontificis,
805 3109 900 3174 nobis
934 3109 1012 3174 inde
1044 3109 1192 3188 directas,
1227 3109 1359 3196 plenius
1384 3111 1480 3176 ‘nobis

435 3210 698 3287 constat-Nos,
721 3209 965 3296 praefeetionem
987 3210 1080 3276 iilam
1098 3215 1316 3296 acceptantes,
1341 3211 1478 3299 cepimus

436 3312 632 3377 fidelitatem
666 3311 770 3397 ipsius
805 3312 960 3398 praefecti,
987 3317 1022 3378 et
1054 3313 1248 3399 temporalia
1279 3313 1478 3400 episcopatus

435 3413 586 3501 praedicti
609 3413 815 3478 restituimus
838 3415 952 3478 eidem.
1014 3413 1059 3478 Et
1081 3413 1155 3480 ideo
1175 3414 1270 3480 vobis
1293 3416 1479 3481 mandamus

435 3516 523 3601 quod
555 3513 686 3580 eidem²
712 3513 874 3600 praefecto,
905 3514 959 3580 vel
982 3515 1052 3600 ejus
1075 3520 1251 3594 attumato,
1282 3516 1343 3582 has
1372 3518 1478 3582 literas

435 3617 604 3693 deferenti,
628 3621 773 3681 castrum
800 3617 1003 3703 praedictum,
1031 3638 1106 3683 cum
1128 3617 1347 3703 pertinentiis,
1371 3620 1477 3685 libem

434 3719 479 3784 tis
501 3719 537 3782 in
558 3717 664 3783 forma
686 3718 850 3804 praedicta
897 3719 1002 3795 Teste,
1025 3724 1084 3784 etc.

266 3916 311 3966 fol·
326 3921 380 3969 12⁵.
434 3921 477 3970 Aa
496 3919 698 3985 cognoscendum
776 3869 945 3948 Ricardus,
969 3869 1182 3986 permissione
1207 3869 1330 3986 diuina,
1358 3871 1477 3988 Dunol:

267 3997 383 4048 Relative
395 4005 421 4048 ω
435 4002 512 4051 super
534 3985 638 4036 erimine
661 3985 699 4036 in-
731 3974 853 4038 mensis
876 3974 1056 4059 episcopus,
1073 3973 1193 4038 dilecto
1208 3973 1309 4050 filio„
1332 3973 1476 4041 ‚officim

266 4061 400 4113 “mm
435 4061 527 4104 cestus.
731 4079 845 4142 nostro
868 4074 1095 4152 Dunelmensi‚
1111 4075 1261 4152 salutem,
1279 4077 1430 4162 gratiam,
1445 4081 1477 4142 et

265 4131 413 4258 {puppes
434 4179 704 4247 benedictionem.
762 4179 803 4243 In
834 4182 953 4242 vestre
985 4177 1285 4262 circumspectionis
1320 4178 1480 4244 industria

265 4259 413 4378 {ffiffioh
433 4285 566 4370 plenem
582 4283 738 4347 fiduciam
755 4280 952 4356 obtinentes,
965 4277 1008 4342 ad
1023 4279 1292 4363 cognoscendum,
1308 4281 1479 4366 proceden-

265 4393 295 4440 of
306 4394 420 4445 numer·
434 4386 523 4464 dum,
558 4383 797 4469 exequendum,
829 4381 891 4464 [et]
925 4378 1163 4457 diffiniendum,
1186 4380 1223 4444 in
1249 4381 1382 4468 negotio
1404 4403 1479 4468 quo-

263 4464 362 4524 ium·
434 4487 511 4552 dem
526 4492 641 4553 contre
663 4484 833 4550 dominum
849 4481 1008 4548 Thomam
1024 4481 1065 4547 dc
1085 4481 1307 4562 Skirkenbek,
1323 4485 1479 4552 vicarium

466 4685 473 4718 ¹
492 4687 551 4734 Rot.
570 4685 644 4734 Rom.
663 4689 688 4734 et
706 4683 807 4743 Fraus,
821 4685 848 4730 la
861 4681 933 4731 now.
1014 4679 1102 4730 ²ideu
1114 4679 1140 4730 in
1152 4680 1210 4735 MS.

430 4766 477 4828 IL,
489 4779 523 4814 m.
537 4770 559 4818 9.
