3444 5792
474 849 540 912 414
908 863 1095 914 arenam

472 1046 677 1112 ordinaverit
700 1047 917 1126 voluntatem,
932 1049 1032 1114 certis
1053 1049 1091 1112 in
1105 1047 1172 1113 hiis
1193 1053 1228 1113 et
1242 1049 1430 1114 nominatis
1455 1069 1536 1113 exe·

471 1147 641 1213 autoribus
667 1149 843 1235 deputatis,
872 1149 1064 1236 dictumque
1095 1155 1332 1216 testamentum
1362 1151 1400 1214 in
1424 1151 1537 1216 forma

466 1248 553 1334 juris
576 1251 753 1336 probatum
785 1252 902 1330 fircrat,
926 1259 961 1318 et
991 1255 1152 1318 bonorum
1183 1253 1432 1318 administratio
1457 1275 1537 1318 exe·

469 1352 640 1417 autoribus
662 1353 699 1418 id
722 1354 969 1439 postulantibus
991 1354 1153 1420 informa
1174 1359 1333 1422 consucta
1352 1355 1536 1422 commissa

469 1459 693 1538 sequestrator
703 1461 825 1534 noster,
837 1457 1014 1542 quominus
1026 1456 1128 1522 libere
1137 1457 1371 1524 administrare
1381 1457 1534 1534 valeant,

469 1575 524 1620 eos
546 1557 721 1642 praesumit
743 1559 853 1622 minus
880 1558 1122 1625 rationabiliter
1144 1559 1312 1646 impedire.
1368 1560 1533 1626 Volentea

469 1656 575 1742 igitur
597 1660 751 1726 omnibus
774 1661 916 1726 subditis
946 1662 1077 1740 nostris
1100 1667 1264 1748 quantum
1286 1663 1324 1727 in
1346 1663 1444 1728 nobis
1469 1667 1532 1739 eat,

470 1759 627 1844 plenum²
661 1761 734 1827 fieri
762 1763 905 1848 justitiae
940 1763 1226 1850 complementum,
1247 1763 1346 1830 vobis
1377 1763 1532 1850 injungi-

470 1881 544 1926 mus
574 1868 609 1928 et
640 1864 836 1930 mandamus
867 1865 1043 1950 quatinus,
1058 1866 1289 1932 executoribus
1312 1867 1412 1932 dictae
1434 1867 1532 1931 Ana·

469 1961 559 2028 billae
583 1969 617 2028 et
639 1970 879 2051 sequestratum
910 1972 1024 2032 nostro
1047 1968 1092 2032 ad
1117 1973 1223 2034 certos
1246 1968 1334 2034 diem
1357 1974 1393 2034 et
1415 1969 1529 2036 locum

469 2086 578 2132 coram
601 2067 696 2133 vobis
718 2069 854 2148 vocatis,
877 2090 951 2155 quae
974 2069 1159 2157 superbiis
1182 2070 1261 2137 binc
1283 2072 1362 2138 inde
1383 2074 1529 2159 proponi

469 2167 642 2253 contingat
656 2168 788 2255 plenius
803 2169 957 2249 audiatis,
973 2176 1009 2235 et
1026 2171 1115 2256 quod
1130 2193 1263 2258 aequum
1278 2179 1313 2238 et
1322 2174 1395 2260 juri
1411 2196 1526 2240 conso

468 2291 550 2336 num
573 2270 675 2337 fuerit
696 2273 768 2338 sine
790 2294 890 2339 morae
913 2273 1085 2359 dispendio
1106 2273 1178 2340 fieri
1199 2274 1336 2354 faciatis,
1360 2299 1404 2342 ne
1427 2300 1527 2366 super

468 2373 531 2438 hec
553 2373 597 2438 ad
618 2395 679 2440 nos
701 2375 835 2460 querela
857 2375 972 2442 veniat
995 2376 1124 2444 iterata.
1170 2377 1298 2444 Datum
1322 2379 1425 2466 [etc]

471 2610 592 2661 Horatio
609 2611 737 2662 machel-
815 2588 985 2666 Ricardus,
1008 2589 1223 2676 permissione
1245 2589 1369 2667 divina,
1394 2588 1522 2654 Dunol·

470 2677 735 2738 ¹²¹¹d¹¹¹¹¹h⁰⁸⁸0⁸=⁰²⁰·
770 2691 892 2756 mensis
918 2691 1099 2777 episcopus,
1121 2691 1251 2758 dilectis
1280 2692 1369 2772 filiis,
1392 2692 1520 2759 abbati-

469 2791 540 2868 bus,
563 2791 736 2878 prioribus,
760 2792 1008 2871 archidiaconis,
1024 2793 1214 2872 rectoribus,
1230 2794 1373 2872 vicariis,
1390 2800 1425 2860 ct
1446 2794 1519 2860 aliis

469 2894 615 2980 personis
638 2894 864 2961 ecclesiasticis
886 2901 1009 2962 nostrae
1032 2895 1190 2972 dioecesis,
1206 2896 1356 2975 salutem,
1377 2897 1518 2983 gratiam

468 3002 504 3062 et
536 2996 809 3074 benedictionem,
832 3002 867 3063 et
898 2997 1042 3082 gratiam
1074 2996 1265 3088 Salvatoris.
1323 2998 1410 3065 cum
1441 3021 1517 3085 gens

468 3097 642 3164 Scotorum
665 3099 798 3165 domino
821 3104 935 3165 nostro
958 3099 1028 3186 regi
1051 3099 1183 3186 Angliae
1213 3099 1337 3166 illustri
1360 3105 1396 3166 et
1418 3124 1515 3189 regno

467 3200 609 3280 inimica,
633 3200 712 3268 faeee
734 3202 924 3288 tyrannidis
947 3201 1085 3281 imbute,
1101 3202 1251 3268 conflatis
1273 3202 1411 3280 viribus,
1434 3205 1517 3270 sicut

467 3303 589 3389 passim
613 3303 743 3383 dicitur,
766 3309 879 3390 partes
902 3308 1033 3370 nostras
1058 3303 1225 3370 hostiliter
1247 3304 1377 3392 ingredi
1405 3305 1516 3371 molia-

466 3411 531 3484 tur,
557 3427 625 3472 non
648 3407 754 3473 solum
777 3408 867 3473 bona
896 3429 1095 3487 consumere,
1119 3408 1218 3474 villas
1248 3413 1283 3474 ct
1304 3408 1377 3474 loca
1407 3410 1516 3476 ineen-

467 3508 551 3585 dere,
584 3510 642 3574 scd
678 3509 829 3596 linguam
861 3509 1090 3596 anglicanam,
1124 3510 1153 3575 si
1186 3511 1397 3596 possibilitas,
1430 3512 1515 3598 quod

466 3615 598 3676 avertat
629 3611 829 3690 Altissimus‚
862 3612 1066 3678 detestandae
1099 3611 1371 3699 correspondeat8
1400 3615 1516 3680 volun·

466 3711 538 3789 tati,
576 3713 709 3778 omnino
747 3713 856 3780 delere
893 3735 1102 3801 proponens;
1147 3715 1360 3782 universitati
1397 3723 1515 3783 vestrae

466 3811 605 3879 firmiter
636 3814 846 3902 injungimus
882 3821 917 3880 et
950 3816 1146 3882 mandamus
1179 3817 1337 3902 quatinus
1371 3839 1410 3884 ea
1443 3840 1515 3904 quae

466 3915 606 3982 dilectus
638 3915 774 3982 clericus
806 3916 964 4003 magister
988 3915 1050 3995 W,
1072 3915 1219 3983 officialis
1248 3923 1361 3984 noster
1390 3919 1515 3984 Dunol-

466 4019 596 4096 mensis,
631 4019 727 4084 vobis
765 4023 910 4104 exponet
947 4041 989 4084 ex
1019 4023 1114 4104 parte
1148 4025 1268 4098 nostra,
1301 4043 1369 4087 non
1409 4023 1513 4088 surdis

465 4121 601 4187 auribus
631 4121 816 4200 audientes,
849 4121 943 4207 quasi
977 4121 1206 4208 irreparabilia
1236 4123 1411 4210 dispendia
1441 4147 1513 4212 quae

465 4223 565 4288 multi
586 4229 736 4290 vestrum
766 4224 1005 4303 sustinuerrmt,
1028 4245 1157 4290 necnon
1182 4225 1326 4312 pericula
1351 4249 1425 4313 quae
1442 4229 1510 4314 jam

465 4325 649 4405 imminent,
665 4325 771 4392 multo
795 4326 893 4392 solito
915 4325 1117 4392 terribiliora
1138 4327 1199 4392 ubi
1221 4329 1391 4415 proprium
1407 4331 1511 4416 cujus·

465 4428 547 4494 libet
589 4429 747 4494 interesse
782 4429 991 4515 conspicitur,
1022 4429 1183 4516 sagaciter
1220 4431 1402 4509 metientes,
1417 4481 1424 4496 .
1440 4453 1510 4496 cum

465 4530 554 4597 dicto
574 4529 705 4598 officiali
727 4535 840 4596 nostro
863 4551 961 4618 super
975 4529 1088 4616 aliquo
1111 4530 1258 4598 subsidio
1280 4553 1341 4618 pro
1362 4554 1511 4620 persona

498 4771 707 4839 ιριειιιιίιιΜΘ.
987 4769 992 4840 Ι
1046 4771 1358 4841 'ermendrannus
