3444 5792
475 859 540 933 378
909 877 1098 930 rxcmrrn.

303 1079 542 1155 A.D.rala.pus,
565 1067 723 1155 praeclara
751 1066 833 1134 vitae
858 1071 893 1132 et
914 1067 1081 1132 virtutum
1103 1065 1293 1133 sanctitatis
1314 1067 1437 1134 merita
1457 1089 1527 1135 ma·

303 1161 443 1277 {23⁰9st
470 1170 567 1258 gistri
590 1169 781 1256 Reymundi
804 1169 904 1234 Fabri
927 1169 1070 1236 cantoris
1086 1167 1308 1247 Oarnotensis,
1324 1171 1527 1238 sanctissimi

377 1263 384 1278 '
470 1272 508 1336 in
538 1270 672 1338 Christo
703 1270 809 1357 petris
839 1275 874 1336 et
903 1270 1031 1337 domini
1065 1271 1171 1336 nostri
1204 1271 1326 1336 summi
1357 1271 1527 1339 Pontificio

470 1373 676 1452 thesaurarii,
720 1371 841 1458 quibus
878 1373 1109 1460 multipliciter
1146 1373 1329 1440 dinoscitur
1373 1374 1528 1462 insigniri

469 1481 629 1562 grataque
652 1475 840 1542 dilectionis
862 1497 961 1561 opera
983 1476 1020 1540 in
1042 1475 1217 1542 nostriset
1236 1480 1361 1542 nostrae
1383 1477 1526 1543 eeclesia

469 1577 613 1664 negotiis
635 1575 857 1642 diversimode
880 1576 1039 1663 impensa,
1061 1597 1101 1642 ac
1122 1575 1285 1642 fervorem
1307 1597 1402 1663 purae
1427 1577 1525 1644 dilcc-

469 1678 580 1756 tionis,
603 1697 704 1763 quam
742 1698 821 1764 erga
851 1699 912 1744 nos
942 1683 978 1743 et
1009 1677 1178 1744 ecclesiam
1208 1683 1356 1744 nostram
1387 1677 1524 1757 obtinet,

469 1781 610 1868 plenius.
621 1780 840 1860 attendentes,
864 1803 907 1846 ex
929 1780 1043 1846 debito
1065 1781 1249 1846 excitamur
1270 1785 1306 1846 et
1335 1781 1523 1847 inducimur

469 1882 697 1950 favorabiliter
710 1883 865 1968 prosequi
887 1903 926 1948 ea
941 1902 1015 1967 quse
1030 1881 1135 1968 ipsius
1156 1881 1290 1946 honoris
1313 1885 1349 1947 et
1362 1883 1522 1948 commodi

471 1985 632 2071 respicere
661 1988 821 2070 poterunt
850 1983 1108 2062 incrementum
1142 2003 1288 2048 annuam
1318 1982 1424 2069 igitur
1445 2005 1521 2070 pen·

470 2088 596 2152 sionem
616 2085 740 2173 viginti
762 2085 922 2150 librarum
944 2085 1107 2149 bonorum
1122 2088 1157 2149 et
1171 2083 1328 2169 legalium
1350 2084 1520 2172 sterlingo

469 2209 544 2252 rum
566 2188 608 2253 de
631 2187 727 2252 nobis
749 2185 889 2273 singulis
910 2185 1007 2250 annis
1030 2185 1067 2249 in
1088 2184 1173 2250 festo
1197 2185 1402 2250 Natiuitatis
1427 2186 1519 2252 Beati

470 2289 634 2355 Jehannie
656 2288 827 2374 Baptista,
850 2287 887 2352 in
910 2285 1060 2352 Romana
1082 2286 1180 2364 curia,
1203 2286 1257 2352 vel
1283 2286 1321 2350 in
1342 2286 1465 2374 Anglin
1484 2288 1519 2352 in

469 2391 606 2456 civitate
629 2389 801 2467 Londonii,
824 2389 1118 2476 percipiendarum,
1142 2387 1249 2453 eidem
1272 2389 1383 2473 quoad
1400 2389 1518 2454 vixerit

469 2493 626 2558 duximus
648 2491 896 2558 concedendam.
958 2490 1000 2554 In
1022 2490 1117 2576 cujus
1139 2489 1188 2555 rei
1210 2489 1438 2555 testimonium
1461 2491 1517 2556 hns

468 2593 581 2659 literas
602 2597 732 2658 nostras
754 2591 831 2657 inde
853 2591 927 2656 fieri
948 2591 1085 2656 fecimus
1108 2595 1268 2676 patentes,
1292 2591 1395 2678 sigilli
1416 2581 1516 2657 nostri

468 2695 652 2760 munimine
685 2693 864 2758 roboratas.
935 2691 1070 2769 Datum,
1102 2697 1161 2758 etc.
1194 2690 1300 2778 [apud
1333 2691 1513 2768 Aukelsnd,

468 2897 626 2965 cco0xiii0.

300 3119 370 3172 An.
381 3126 454 3173 1³14.
468 3129 559 3182 Lim
569 3127 751 3180 mmmm„
828 3092 997 3170 Riesrdus,
1028 3091 1243 3178 permissione
1272 3093 1395 3173 divina,
1425 3095 1513 3161 Dun-

299 3199 343 3251 l'ol.
356 3200 439 3251 leae.
468 3211 545 3261 super
585 3194 749 3246 concessione
783 3195 937 3262 olmengig
951 3193 1129 3280 epigfflpus,
1144 3195 1310 3261 univorsis
1325 3201 1361 3262 ep
1382 3198 1514 3283 singulis

298 3279 454 3396 {mm
468 3259 749 3328 poemtennamoffieul
782 3297 924 3363 subditis
970 3296 1100 3374 nostris,
1138 3301 1208 3362 tam
1253 3297 1379 3365 clericis
1420 3321 1512 3386 quam

300 3427 369 3476 upon
381 3412 425 3462 the
467 3403 567 3482 laicis,
589 3403 626 3467 in
650 3401 823 3467 Decanatu
854 3399 895 3465 de
918 3399 1113 3486 Alnewyke,
1137 3399 1288 3478 salutem,
1310 3402 1459 3489 gratiam,
1480 3409 1513 3468 et

299 3477 427 3595 mm,
467 3505 736 3572 benedictionem.
783 3503 871 3584 Quia
893 3502 1034 3568 salutem
1058 3507 1093 3568 et
1112 3501 1219 3567 vitam
1246 3505 1426 3588 quaerimus
1446 3505 1512 3570 ani-

297 3609 449 3687 orpenitcn-
467 3629 604 3686 merum,
620 3628 659 3672 ac
672 3607 729 3692 pia
743 3605 892 3671 omniurn
915 3609 1062 3670 vestrum
1078 3603 1249 3682 desideria,
1272 3627 1332 3691 por
1346 3607 1512 3692 quaelibet

298 3683 372 3742 cury.
467 3709 561 3776 vobis
583 3729 729 3775 accessus
759 3707 804 3773 ad
826 3707 902 3775 coeli
933 3706 1076 3793 patriam
1107 3707 1277 3791 procurari
1308 3709 1440 3793 poterit,
1464 3709 1510 3772 in-

467 3811 634 3878 tendimus
668 3810 781 3876 severe
818 3809 971 3896 prosequi
1002 3807 1155 3894 gratioso,
1187 3808 1366 3874 discretum
1398 3809 1511 3886 virum,

467 3913 639 3980 dominum
654 3911 837 3978 Robertum
860 3910 901 3976 de
917 3907 1120 3986 Emeldone,²
1143 3914 1342 3995 perpetuum
1356 3911 1512 3977 vicarium

467 4015 610 4083 ecclesiae
625 4015 665 4078 de
681 4009 888 4090 Laceboure³
903 4012 943 4078 de
959 4011 1053 4098 cujus
1073 4011 1214 4097 provida
1227 3993 1512 4100 circumspectione

466 4117 622 4186 fiduciam
644 4115 681 4180 in
695 4113 838 4180 Domino
860 4113 1005 4199 gerimus
1027 4113 1215 4200 pleniorem,
1231 4114 1513 4199 poenitentiarium

465 4225 615 4287 nostrum
641 4217 678 4281 in
700 4215 862 4281 decanatu
892 4214 1052 4300 praedicte
1086 4214 1243 4280 duximus
1273 4217 1512 4302 assignandum,

466 4323 519 4389 cui
550 4323 587 4386 in
618 4319 747 4386 casibus
780 4316 876 4383 nobis
908 4337 929 4383 a
956 4316 1032 4403 jure
1066 4316 1234 4402 promissis
1264 4322 1300 4383 et
1331 4339 1353 4384 a
1383 4319 1511 4386 Oenone

465 4422 649 4500 reservatis,
671 4420 761 4488 vices
783 4423 912 4486 nostras
934 4418 1182 4498 committimus,
1198 4423 1326 4486 vestras
1348 4441 1387 4488 nc
1408 4421 1511 4508 cujus-

498 4646 507 4679 ¹
524 4645 586 4697 This
598 4644 620 4696 is
631 4617 733 4695 written
744 4643 771 4693 in
781 4659 798 4694 a
808 4643 875 4693 later
884 4641 963 4692 hand.
1048 4641 1060 4675 ⁸
1076 4641 1143 4692 Now
1155 4641 1282 4707 Lesbnry.

497 4725 508 4760 ¹
525 4725 574 4778 Sec
591 4739 607 4774 a
625 4721 710 4773 notice
732 4723 763 4774 of
781 4721 822 4774 his
841 4722 918 4774 death
936 4720 963 4770 in

465 4805 515 4855 vol.
527 4801 562 4854 iii.
574 4817 598 4868 p.
611 4806 669 4853 lae.
