3468 6120
467 837 531 902 484
902 841 1089 892 urrunnun

466 1037 495 1102 is
510 1036 604 1102 sfair
619 1031 846 1122 presumption
861 1029 937 1096 that
944 1029 987 1094 he
1002 1049 1071 1093 was
1086 1027 1165 1112 only
1176 1027 1221 1090 its
1235 1031 1358 1100 owner,
1374 1021 1447 1087 and
1461 1025 1518 1084 not

467 1140 511 1204 its
523 1135 685 1224 compiler,
697 1156 732 1201 as
747 1155 836 1198 some
847 1132 934 1197 have
945 1129 1114 1216 supposed.
1161 1127 1285 1192 Indeed
1299 1125 1360 1190 the
1377 1121 1474 1188 hsnd
1484 1121 1518 1183 in

469 1416 574 1465 tutelam
594 1419 620 1464 et
636 1411 805 1463 defensionem
823 1408 928 1472 jurium,
940 1407 971 1456 li·
1014 1405 1197 1454 monachorum
1214 1403 1246 1452 sd
1261 1401 1342 1450 altare
1362 1397 1455 1450 Sancti
1473 1397 1520 1447 Bs-

469 1496 595 1544 hermtum
611 1499 638 1542 et
657 1489 843 1556 possessionum
859 1485 971 1536 ecclesia
1015 1482 1091 1540 dicti;
1120 1497 1177 1530 cum
1200 1479 1413 1544 superaddicione
1442 1476 1523 1526 direr-

470 1571 657 1628 Dunelmensis,
675 1571 794 1620 adversm
813 1564 927 1616 malicias
945 1571 972 1614 et
1016 1577 1101 1610 sorum
1129 1560 1258 1609 nominum
1286 1573 1344 1621 quse
1373 1557 1447 1620 prins
1474 1570 1522 1604 non

471 1649 672 1700 machinacicnes
706 1648 788 1710 ipsam
821 1643 972 1694 molencinm
1016 1639 1373 1702 erantscriptavelcollscts.

471 1731 628 1794 impugnare,
650 1727 753 1790 scripte,
769 1727 800 1774 de
820 1723 909 1788 quibus
929 1720 972 1771 hie
1050 1724 1122 1782 Item,
1142 1723 1192 1771 Pro
1211 1722 1379 1771 immunitate
1403 1721 1523 1774 Rectum,

471 1808 555 1858 brevis
575 1805 687 1872 sequitur
710 1802 818 1862 mencio,
840 1817 891 1851 non
917 1801 972 1850 sine
1017 1802 1049 1850 ad
1066 1799 1204 1861 ecclesiam,
1223 1799 1376 1850 cimiterium
1388 1798 1430 1848 rel
1447 1796 1522 1847 alium

470 1889 555 1936 labore
572 1893 597 1936 et
616 1883 699 1934 studio
719 1881 871 1944 compilavit,
886 1887 912 1930 et
927 1893 974 1942 per
1017 1880 1101 1930 locum
1120 1879 1187 1928 infra
1203 1885 1273 1943 septa
1292 1877 1443 1928 monasterii
1463 1890 1521 1925 con·

472 1967 613 2016 Robertum
652 1961 843 2012 Westrnorlsnd
895 1957 973 2009 scribi
1017 1957 1179 2024 fugiencium.

471 2045 539 2095 fecit.
1050 2039 1125 2100 Item,
1137 2035 1187 2086 Pro
1204 2037 1366 2101 scpsrslitate
1379 2038 1519 2085 Bessorum

506 2123 536 2172 In
552 2121 647 2188 primis,
664 2122 731 2170 idem
747 2120 886 2178 Johsnncs,
903 2123 974 2166 ante-
1018 2123 1045 2166 et
1054 2118 1188 2168 Terrarum
1198 2115 1401 2166 Dominicslium
1408 2116 1440 2163 de
1450 2115 1523 2162 Elset

473 2216 548 2266 quatu
564 2207 618 2251 erat
629 2199 655 2250 in
671 2199 782 2264 priorem
801 2204 910 2256 creatus,
921 2195 974 2245 col-
1018 2197 1052 2246 ad
1061 2195 1238 2246 Hostillsrium
1248 2195 1451 2260 pertinencium
1466 2207 1522 2240 uec—

474 2279 545 2344 legit,
557 2295 601 2342 per
612 2280 715 2328 modum
727 2277 898 2333 articulorum,
915 2275 974 2338 jura
1018 2291 1070 2324 non
1088 2290 1133 2339 pro
1151 2279 1219 2324 secta
1243 2273 1382 2324 molendini
1400 2274 1434 2322 de
1457 2269 1523 2320 snt-

474 2367 499 2408 et
510 2357 642 2424 privilegis
653 2355 874 2406 archidiaconatus
885 2352 975 2417 prioris
1019 2356 1080 2403 tolre
1089 2361 1114 2403 et
1125 2353 1193 2403 furni
1204 2353 1295 2417 prioris
1306 2355 1338 2404 de
1349 2353 1451 2402 Elvett.

474 2437 502 2486 in
519 2436 635 2487 ecclesiis
658 2436 720 2494 suis,
739 2436 860 2486 adversus
882 2431 975 2496 magis·
1053 2438 1127 2496 item,
1138 2437 1189 2486 Pro
1200 2435 1357 2500 sepamiitate
1368 2432 1521 2484 habendain

477 2523 544 2565 trum
565 2515 713 2565 Johsnncm
737 2511 862 2563 Rekenall
894 2511 975 2561 archi·
1019 2516 1094 2564 Mcra
1109 2516 1140 2564 de
1155 2515 1331 2578 Besurepayre
1346 2516 1471 2564 adversus
1487 2519 1522 2559 te-

474 2594 610 2644 dittconum
629 2591 835 2650 Nerthumbriae;
861 2596 887 2639 et
908 2589 975 2639 idem
1018 2602 1107 2645 nentes
1118 2595 1150 2644 de
1163 2593 1251 2644 Veteri
1261 2595 1357 2660 Burgo.

475 2673 575 2723 articuli
587 2672 674 2722 valent
684 2673 717 2720 sd
733 2669 905 2720 defensionem
916 2685 976 2720 con-
1053 2677 1126 2738 item,
1143 2677 1195 2726 Pro
1218 2691 1354 2726 commune
1375 2683 1481 2740 pastura
1495 2671 1520 2720 iu

476 2761 516 2802 tra
528 2749 734 2800 archidiaconum
746 2749 953 2799 Dunelmensem.
1020 2772 1091 2806 mom
1107 2757 1139 2805 (10
1151 2757 1325 2822 Queryngdon
1343 2755 1413 2804 inser
1429 2767 1519 2803 moram

508 2835 582 2896 Item,
593 2835 634 2883 De
645 2831 788 2883 Primordio
798 2839 824 2882 et
840 2832 978 2896 Progressa
1021 2839 1052 2885 de
1065 2833 1204 2900 Shyncliffe
1217 2843 1243 2884 ct
1253 2849 1352 2884 moram
1365 2836 1397 2883 de
1415 2833 1513 2882 Trillcs

475 2913 548 2963 Sedis
577 2911 735 2975 Episcopslis
762 2919 788 2960 et
819 2909 976 2960 Monachicte
1021 2917 1078 2976 den,
1096 2930 1171 2978 quam
1191 2929 1289 2964 moram
1302 2913 1457 2962 Willielmns
1479 2911 1518 2959 lti-

474 2991 676 3042 conversacionis
687 2989 856 3040 Ecclesismm
875 2988 977 3039 Lindia·
1022 2995 1110 3044 meden
1122 3009 1167 3058 per
1177 2999 1260 3044 cartas
1281 3007 1351 3042 rasas
1363 3001 1388 3042 et
1405 2995 1439 3042 de
1456 3005 1517 3039 noro

474 3071 596 3120 farnensis
604 3077 630 3119 et
636 3070 823 3129 DunelmensIs,
832 3068 903 3132 prius
911 3083 978 3118 com-
1021 3073 1127 3136 scriptss
1138 3073 1230 3122 clamat
1241 3071 1323 3120 minus
1341 3073 1414 3134 juste
1425 3073 1456 3120 ad
1471 3085 1519 3118 ms-

475 3149 604 3214 pendiose,
627 3155 682 3213 post
696 3149 788 3198 librum
815 3164 848 3197 ex
871 3146 977 3198 diversis
1021 3152 1118 3201 nerium
1142 3167 1215 3200 suum
1237 3151 1269 3199 de
1288 3147 1516 3214 Trillesdenprrti-

475 3227 601 3292 opusculis
630 3235 656 3276 et
686 3226 772 3276 multis
795 3225 895 3290 scriptis
917 3225 977 3276 fido-
1021 3247 1089 3290 nere,
1114 3246 1163 3280 uns
1185 3246 1243 3280 cum
1265 3229 1420 3294 prchscione
1453 3229 1515 3292 qnod

475 3307 558 3372 dignis
569 3308 711 3357 collectum.
1021 3309 1096 3359 dictae
1108 3317 1185 3358 cartis
1197 3315 1256 3358 sunt
1265 3307 1391 3358 invalidas.

510 3391 577 3440 Item
599 3389 712 3440 diversos
743 3389 840 3438 rotulos
862 3387 977 3451 depictos
1054 3391 1279 3454 ltem‚Proeursu
1296 3407 1370 3456 aquo
1386 3388 1518 3442 molendini

474 3483 552 3530 super
579 3467 706 3518 miraculis
727 3465 815 3516 Sancti
836 3465 977 3526 cuthberti,
1021 3474 1053 3522 de
1071 3473 1143 3533 Heu,
1163 3486 1209 3535 per
1224 3469 1381 3522 willelmum
1399 3471 1516 3520 Elmeden

475 3562 532 3595 cum
541 3545 654 3595 versibus
673 3546 767 3596 eisdem
778 3544 906 3595 miraculis
918 3559 978 3594 con·
1022 3549 1149 3600 chevalier
1170 3550 1260 3608 fracto,
1282 3557 1308 3598 et
1325 3565 1342 3598 s
1359 3550 1442 3600 fundo
1459 3551 1518 3612 ejus-

475 3624 648 3686 cordantibus,
668 3640 715 3688 pro
733 3623 879 3674 vitriacions
895 3626 977 3673 clsus·
1021 3631 1079 3679 dem
1097 3630 1200 3693 antiquo
1218 3629 1245 3677 in
1266 3629 1343 3678 alium
1363 3629 1471 3678 fundum
1485 3625 1517 3676 di-

476 3703 508 3753 tri
519 3703 560 3753 rel
571 3703 630 3752 alibi
642 3702 767 3752 facienda.
1021 3723 1103 3758 verso.

510 3785 572 3836 Item
601 3785 668 3836 idem
693 3785 797 3851 collegit
820 3801 852 3834 ex
874 3784 978 3835 diversis
1063 3787 1137 3848 Item,
1165 3787 1216 3836 Pro
1239 3785 1309 3836 curia
1338 3785 1428 3850 prloris
1458 3785 1518 3849 apud

476 3863 582 3915 cronicis
614 3873 639 3914 et
670 3864 769 3928 scriptis
789 3865 977 3914 Fundscionem
1021 3867 1329 3932 Hemyngeburgh‚qncd
1345 3873 1461 3916 tenentes
1476 3863 1518 3914 ihi·

477 3943 688 3994 Monasteriorum
695 3943 768 4010 Nigri
778 3943 880 3994 Ordinis
891 3945 978 3994 Sancti
1021 3947 1079 3996 dem
1091 3961 1142 3994 non
1153 3945 1246 3995 debent
1256 3959 1404 4008 comparere
1416 3943 1442 3992 in
1456 3942 1517 3993 curis

477 4022 609 4073 Benedicti
620 4022 687 4072 infra
698 4023 816 4086 Regnum
829 4021 941 4087 Angliae.
1022 4027 1052 4076 de
1065 4027 1142 4076 Leete
1153 4026 1219 4089 apud
1231 4025 1364 4074 Honeden.

519 4107 585 4156 Item
608 4105 676 4169 quod
699 4105 767 4168 prior
790 4112 816 4154 et
839 4104 977 4168 capitulum
1056 4109 1130 4168 Item,
1151 4108 1232 4172 Super
1242 4107 1339 4170 injusto
1352 4106 1473 4171 passagio
1482 4107 1521 4154 bs·

478 4183 635 4233 nonhabent
647 4182 756 4233 scribere
767 4182 978 4231 hocvocabnlum
1022 4185 1120 4236 telline
1139 4186 1301 4237 novolerato
1321 4202 1368 4249 per
1384 4187 1519 4236 Bobcrtnm

482 4261 654 4312 obedienciam
672 4261 698 4310 in
716 4260 767 4311 suis
777 4261 980 4324 presenaciont-
1023 4265 1124 4316 Jakson
1136 4268 1206 4328 apud
1217 4265 1385 4316 Sunderlsnd.

478 4341 526 4390 bus
552 4340 654 4390 domino
677 4339 865 4403 archiepiscopo
883 4341 980 4390 Ebora·
1058 4347 1131 4402 item,
1142 4347 1182 4396 De
1199 4345 1296 4411 origine
1308 4347 1434 4397 libertatis
1451 4346 1519 4412 regis

480 4419 559 4469 censi.
1024 4424 1138 4475 ecclesiae
1149 4433 1176 4475 et
1192 4425 1351 4490 episcopatus
1368 4427 1519 4476 Dunelmen·

514 4503 658 4553 Itemidem
677 4501 745 4566 prior
768 4501 865 4552 notavit
884 4501 910 4550 in
927 4501 981 4566 qui·
1025 4502 1067 4563 sis,
1087 4519 1117 4554 sc
1139 4503 1261 4567 primaria
1283 4505 1421 4556 donacione
1444 4504 1519 4556 tocius

481 4582 526 4630 bns
554 4580 626 4630 libris
649 4589 675 4630 et
698 4580 813 4645 capitulis
843 4581 981 4630 tundantur
1025 4588 1098 4632 terra
1119 4583 1184 4632 inter
1206 4585 1306 4648 Tyriam
1329 4592 1355 4632 et
1377 4583 1520 4644 'sesamis

480 4659 610 4724 scriptura
639 4662 685 4709 sub
713 4659 817 4722 pedibus
835 4658 980 4726 ymaginum
1025 4661 1114 4712 rotulis
1134 4661 1248 4724 diversis,
1277 4677 1384 4727 quorum
1403 4679 1469 4714 unm
1488 4671 1520 4712 est
