3444 5792
478 905 546 968 430
915 915 1101 966 uxorum

476 1109 640 1188 videlicet,
665 1105 806 1186 calicem,
830 1113 994 1195 petonem,
1020 1113 1151 1174 textum
1175 1107 1437 1195 Evangeliorum
1461 1127 1533 1193 por-

478 1211 615 1288 tatilem,
631 1209 997 1297 phiolcs,thu1ibulum,
1013 1232 1135 1276 ncvem
1149 1231 1208 1296 pro
1223 1209 1367 1288 incenso,
1383 1207 1535 1276 urceum¹

478 1333 537 1398 pro
559 1333 647 1398 eque
668 1311 850 1390 benedicto,
866 1311 1093 1398 aspersorium,
1117 1311 1207 1398 polle
1227 1311 1350 1392 alteris,
1367 1310 1534 1386 frontalis

478 1415 668 1502 corpomlis,
699 1415 820 1502 pelves,
844 1413 1065 1494 condelabru,²
1094 1416 1332 1482 vestimentum
1362 1417 1533 1502 integrum

478 1537 538 1604 pro
561 1518 720 1604 episcope,
744 1517 890 1596 diec0n0,
914 1521 949 1582 et
971 1517 1181 1595 subdiacono,
1205 1515 1450 1605 supellectilie⁸
1476 1537 1534 1602 pro

478 1619 612 1698 clericis,
645 1619 728 1685 dues
751 1641 849 1706 cepas
880 1641 939 1705 pro
972 1620 1132 1707 regimine
1155 1619 1255 1700 chori,
1277 1625 1312 1686 et
1337 1641 1442 1684 unum
1475 1639 1533 1704 pro

478 1721 637 1808 episcopo,
678 1720 819 1800 Missele,
855 1721 1014 1787 Grsdelis
1046 1721 1299 1808 Antiphonuris,
1333 1720 1533 1808 legendum

479 1823 616 1888 Librum
647 1821 883 1902 Pontificclem,
906 1845 965 1910 per
992 1823 1076 1890 dicti
1105 1823 1210 1910 petris
1243 1829 1436 1890 executores
1469 1823 1532 1887 sibi

474 1925 576 2011 juxta
605 1947 734 2012 semper
759 1925 931 1991 obtentam
962 1925 1123 1992 hactenus
1153 1927 1426 1993 consuetudinem
1459 1946 1533 2012 pro

478 2027 594 2094 videri.
642 2027 747 2106 ,Item,
770 2049 846 2094 cum
868 2028 958 2092 inter
980 2028 1110 2094 eosdem
1134 2034 1324 2095 executores
1346 2035 1381 2095 et
1405 2029 1531 2094 dictum

479 2129 679 2218 Episcopum
710 2131 945 2198 concordatum
976 2131 1087 2210 fuerit,
1114 2131 1202 2217 quod
1236 2132 1326 2196 idem
1359 2132 1532 2218 episcopus

479 2233 546 2298 duo
577 2231 685 2298 millia
722 2253 907 2299 marcorum
941 2231 1062 2298 hebere
1095 2233 1216 2298 debeat
1249 2254 1310 2319 pro
1340 2232 1531 2320 reparandis

479 2333 661 2400 defectibus
685 2335 743 2420 qui
774 2333 812 2398 in
843 2333 1001 2400 maneriis
1032 2333 1184 2420 episcopi,
1207 2335 1244 2398 in
1275 2334 1469 2421 episcopatu
1498 2339 1530 2398 et

478 2443 581 2516 extre,
604 2443 752 2524 tempore
784 2437 911 2502 domini
937 2437 1079 2504 Antonii
1106 2437 1314 2526 contigerint,
1340 2459 1402 2504 nee
1436 2436 1528 2524 plene

479 2537 543 2604 sibi
566 2539 691 2626 liquere
721 2539 846 2624 poterit
875 2543 991 2604 utrum
1022 2540 1063 2605 de
1090 2540 1186 2605 bonis
1216 2539 1366 2606 defuncti
1396 2544 1526 2604 tentum

478 2641 554 2727 plus
576 2641 631 2707 vel
657 2641 767 2706 minus
798 2641 959 2727 receperit
984 2663 1155 2728 usquequo
1187 2663 1246 2728 per
1269 2641 1425 2728 preefetos
1457 2662 1527 2706 exe·

478 2747 608 2810 cutores
634 2747 669 2808 et
691 2763 767 2808 suos
790 2763 872 2828 quos
895 2743 938 2808 cd
964 2741 1027 2809 hoc
1050 2743 1226 2830 deputabit
1256 2743 1360 2809 fuerit
1390 2743 1525 2810 celenis-

478 2850 561 2924 tum,
599 2845 686 2932 petit
719 2849 760 2909 ut
791 2851 900 2911 certus
938 2844 1029 2912 locus
1063 2851 1098 2910 et
1134 2844 1297 2911 terminus
1334 2845 1525 2932 assignetur,

479 2947 537 3012 ubi
561 2951 596 3012 et
612 2947 745 3034 quando
767 2945 958 3034 hujusmodi
981 2947 1155 3014 calculatio
1178 2948 1239 3014 fiac
1251 2972 1260 3028 ;
1281 2953 1470 3035 protestans
1494 2969 1524 3012 se

479 3055 633 3137 peretum
656 3071 734 3128 esse,
757 3049 786 3114 si
809 3049 884 3136 plus
906 3050 1075 3137 receperit,
1097 3049 1279 3132 refundere,
1303 3055 1339 3116 et
1360 3051 1390 3116 si
1412 3053 1524 3127 minus,

479 3151 627 3242 postulet
649 3151 685 3218 id
707 3149 879 3238 suppleri.⁴

304 3405 348 3456 m
362 3407 410 3457 170
419 3403 442 3457 ὁ.
479 3402 520 3453 De
539 3401 646 3467 mh
662 3409 746 3454 mutu-
825 3353 1020 3419 Reverendo
1046 3353 1084 3418 in
1106 3353 1240 3420 Christo
1262 3355 1343 3435 viro,
1367 3360 1403 3421 et
1426 3354 1523 3422 amieo

304 3489 437 3540 Iaetteror
478 3476 521 3518 ne
557 3468 746 3532 incrrricet
778 3455 815 3520 in
860 3455 995 3522 Christo
1044 3457 1210 3523 carissimo
1260 3457 1421 3545 Magistro
1466 3458 1524 3522 Ro

303 3543 453 3687 mgr,
478 3535 746 3652 fflggffig
778 3557 928 3624 bertode
944 3557 1304 3638 screnissimus,
1320 3561 1524 3646 permissos

304 3689 441 3740 moscin
477 3665 583 3717 Domini
595 3668 673 3732 1²¹1)oe
690 3683 747 3734 w·
779 3661 902 3740 divine,
925 3659 1159 3728 Dunelmensis
1186 3662 1365 3748 episcopus,
1392 3662 1525 3728 sulutem

304 3755 465 3874 ffifflu'fl
478 3734 608 3797 solvendo,
619 3743 667 3786 ‘w‘
780 3783 855 3829 cum
877 3763 1107 3830 benedictione
1137 3768 1172 3829 et
1200 3765 1310 3850 grstia
1341 3763 1524 3830 Salvatoris

304 3887 447 3953 sumu.
478 3862 529 3929 De
552 3863 709 3931 beneficio
731 3865 819 3951 greti
834 3887 1006 3932 succursus
1029 3885 1130 3952 quum
1151 3887 1258 3951 nuper
1279 3869 1392 3932 vestra
1414 3866 1525 3931 libers

304 3956 460 4073 {affinga
477 3960 555 4032 lites
577 3967 615 4032 in
637 3967 788 4032 Romane
810 3965 912 4032 Curis
929 3967 1026 4033 nobis
1047 3967 1127 4034 feeit
1145 3967 1329 4034 mutuando
1351 3969 1525 4055 pecuniam,

304 4088 439 4152 comtos
478 4075 591 4136 nostro
613 4070 754 4148 nominc,
778 4069 899 4136 dilecto
922 4069 1038 4136 clerico
1060 4074 1182 4148 nostro,
1205 4071 1364 4157 magistro
1386 4067 1526 4137 Johsnni

284 4154 453 4284 'mm
479 4171 702 4260 Sneyngtone,
718 4171 874 4237 veniente
897 4193 956 4258 pro
980 4172 1190 4238 excusatione
1212 4177 1334 4238 nostrae
1354 4171 1526 4259 personalis

305 4289 453 4340 monce
478 4274 725 4361 competitionis
755 4273 798 4340 ed
831 4271 1017 4340 Concilium
1047 4273 1260 4360 procurendn
1292 4275 1387 4340 vobis
1424 4281 1526 4362 gratu

304 4353 405 4470 23⁰²}ssss
416 4435 462 4472 ex-
478 4376 649 4442 referimus
671 4375 835 4463 speciales,
851 4396 911 4462 pro
927 4397 993 4462 quo
1015 4374 1059 4441 cd
1074 4375 1257 4462 gratiarum
1279 4377 1425 4443 actiones
1440 4375 1525 4442 vobis

304 4489 390 4553 ono,
400 4489 451 4540 md
478 4479 674 4568 opportunis
696 4479 899 4566 temporibus
930 4478 1146 4547 exsolvendas
1168 4479 1312 4546 fatemur
1334 4480 1452 4545 merito
1473 4497 1527 4543 nos

513 4749 686 4802 lcrmmin
702 4749 762 4802 MS.
1064 4747 1407 4816 ⁸upap011oeutainms.

511 4829 522 4864 ¹
538 4827 703 4882 candelabros
714 4827 742 4880 in
752 4827 812 4882 ΜΒ.
1064 4829 1076 4861 ⁴
1091 4827 1187 4895 cuplae·
1197 4828 1224 4880 in
1235 4827 1293 4882 MS.
