3444 5792
487 853 551 916 402
919 865 1104 914 moenera.

483 1065 555 1130 pus,
589 1044 738 1122 salutem,
772 1063 847 1110 cum
881 1046 1079 1112 omnimodis
1110 1046 1297 1113 reverentia
1333 1051 1369 1111 et
1407 1045 1538 1118 honore,

484 1151 553 1212 tam
578 1145 707 1224 debitis,
731 1167 830 1232 quam
853 1147 986 1213 votivis.
1032 1147 1194 1214 Praeolara
1215 1151 1336 1213 vestrae
1359 1144 1539 1233 digrritatis

484 1249 679 1328 sublimitas,
701 1249 745 1315 ad
776 1271 875 1336 quam
906 1251 943 1314 in
974 1256 1102 1336 partem
1132 1251 1305 1340 solutionis
1336 1248 1540 1338 Apostolicae

483 1352 579 1418 electi
602 1351 683 1418 estis
706 1353 878 1431 divinitus,
905 1357 940 1418 et
962 1353 1081 1430 vocati,
1104 1353 1314 1440 exigentibus
1337 1354 1422 1418 vitae
1448 1370 1539 1416 sanc-

482 1455 581 1522 titate
611 1461 646 1522 et
670 1455 860 1533 virtutibus,
885 1456 1006 1542 quibus
1036 1457 1116 1522 estis
1137 1456 1351 1523 laudabiliter
1373 1452 1539 1542 insigniti,

481 1559 687 1648 grandesque
719 1559 845 1625 labores
877 1564 912 1624 et
934 1579 1034 1625 onera
1064 1581 1138 1646 quae
1170 1561 1207 1624 in
1237 1564 1328 1626 statu
1361 1556 1541 1646 dignitatis

481 1665 659 1747 assumptoe
697 1661 808 1726 subire
847 1661 1066 1727 diversimode
1102 1684 1162 1728 nos
1200 1667 1340 1748 oportet,
1378 1683 1540 1748 puraeque

481 1761 666 1828 dilectionis
697 1763 844 1840 affectus,
869 1784 968 1849 quem
1000 1785 1078 1850 erga
1101 1785 1160 1829 vos
1192 1769 1226 1829 et
1257 1763 1430 1830 ecelesiam
1464 1784 1540 1828 nos·

482 1871 568 1932 uam
601 1864 860 1932 Dunolmensem
895 1865 1019 1954 geritis,
1043 1866 1172 1932 intuitu
1205 1866 1364 1942 caritatis,
1396 1887 1461 1930 nos
1495 1865 1538 1930 ad

481 1989 622 2054 eaquae
647 1969 692 2036 ad
714 1969 816 2034 vestri
846 1973 955 2036 status
984 1967 1141 2034 honorem
1173 1973 1208 2033 et
1238 1967 1401 2034 commodi
1432 1968 1537 2033 incre·

481 2075 631 2138 mentum
661 2070 795 2136 tendere
826 2075 983 2156 poterunt
1012 2070 1159 2152 reddunt
1180 2069 1319 2136 obnixos
1341 2069 1538 2156 specialiter,

481 2179 517 2240 ct
538 2173 697 2240 astriotes.
758 2172 862 2239 Vobis
884 2173 997 2260 igitur,
1020 2174 1064 2239 ad
1086 2194 1186 2240 onera
1207 2177 1320 2238 vestra
1342 2171 1536 2258 hujusmodi

481 2273 611 2340 facibus
636 2275 869 2361 supportanda,
893 2275 1061 2360 quandam
1091 2295 1237 2340 annuam
1268 2274 1472 2360 pensionem,
1496 2273 1535 2338 de

480 2376 576 2444 nobis
607 2381 642 2442 et
673 2376 810 2446 ecelesia
840 2383 954 2442 nostra
983 2375 1123 2464 singulis
1152 2375 1249 2442 annis
1280 2375 1532 2462 percipiendam,

480 2476 638 2544 duximus
675 2479 920 2546 concedendum
954 2501 1013 2566 per
1048 2484 1178 2544 nostras
1208 2478 1339 2543 litteras
1374 2483 1533 2564 patentes,

481 2599 563 2664 quas
597 2583 717 2646 vestra
754 2580 950 2666 paternitati
985 2579 1246 2646 transmittimus
1283 2601 1343 2667 per
1378 2579 1532 2645 dilectum

480 2679 635 2748 clericum
674 2685 826 2746 nostmm
862 2680 1049 2746 Jobannem
1087 2681 1129 2746 de
1160 2680 1280 2768 Wyke,
1318 2680 1532 2766 praesentium

480 2783 681 2869 portitorem,
721 2781 932 2848 devotissime
971 2783 1195 2870 supplicantes
1232 2783 1392 2868 quatinus
1426 2782 1529 2847 eidem

484 2885 582 2950 fidem
621 2885 788 2952 credulam
826 2885 864 2949 in
899 2885 966 2950 hiis
1004 2907 1078 2971 quae
1110 2885 1205 2951 vobis
1242 2884 1454 2950 intimaverit
1489 2905 1529 2950 ex

479 2991 574 3073 parte
603 2991 717 3052 nos'tra
745 2985 941 3052 adhibentes
965 2987 1133 3064 benevole,
1155 2987 1378 3073 gravibusque
1401 3007 1528 3072 oppres·

480 3089 628 3154 sionibus
658 3094 693 3154 et
714 3088 854 3175 jacturis
886 3089 1007 3174 quibus
1040 3111 1100 3154 nos
1127 3095 1162 3154 et
1183 3089 1393 3176 episcopatus
1419 3094 1528 3156 noster

480 3211 539 3276 per
578 3189 715 3256 hostiles
761 3190 911 3257 incursus
959 3191 1133 3258 Scotorum
1175 3181 1376 3278 praer'nimur,
1424 3191 1527 3258 adbuc

480 3292 581 3358 etiam
618 3291 685 3358 hiis
718 3291 843 3371 diebus,
870 3293 926 3379 pio
960 3294 1198 3380 compatientes
1236 3293 1367 3372 affeetu,
1399 3315 1458 3359 nos
1494 3297 1527 3358 et

479 3393 648 3462 ecelesiam
685 3399 832 3460 nostram
868 3394 990 3462 babere
1021 3395 1135 3462 velitis
1174 3396 1462 3474 recommendatos,
1493 3399 1527 3460 et

478 3516 539 3562 nos
561 3496 735 3584 tangentia
756 3497 983 3564 favorabiliter
1007 3498 1161 3585 prosequi
1182 3499 1391 3584 temporibus
1413 3517 1525 3584 oppor-

478 3598 579 3677 tunis,
615 3597 819 3684 vestraque¹
849 3599 1064 3686 beneplacita,
1086 3600 1206 3688 quibus
1234 3621 1349 3686 parere
1381 3601 1525 3687 cupimus

478 3699 515 3764 in
548 3699 614 3766 hiis
648 3720 724 3787 quae
761 3721 941 3788 possumus,
972 3702 1069 3768 nobis
1105 3702 1284 3789 precipere
1319 3701 1523 3767 confidenter.

479 3801 633 3869 Vestram
655 3803 890 3889 paternitatem
912 3809 1083 3872 conservet
1105 3804 1296 3871 altissimus
1318 3804 1364 3869 ad
1385 3805 1524 3890 regimen

479 3904 622 3972 ecclesia
644 3925 713 3972 suae
728 3926 787 3990 per
801 3909 950 3992 tempora
971 3927 1127 3993 prospera
1141 3912 1177 3973 et
1190 3906 1350 3993 longaeva.
1395 3906 1523 3981 Datum,

479 4010 540 4072 ete.

310 4186 357 4242 fot
372 4194 427 4242 lca.
480 4189 619 4242 eoncesno
634 4187 734 4254 penno
812 4176 986 4242 Universis
1033 4177 1163 4244 Sanctae
1209 4177 1327 4243 Matris
1379 4176 1522 4244 Ecclesia

312 4266 461 4348 cantora
479 4254 667 4308 fflofflnffl·
767 4279 844 4344 filiis
875 4279 936 4346 bas
966 4279 1094 4346 litteras
1128 4279 1251 4345 visuris
1276 4279 1331 4346 vel
1357 4279 1521 4354 audituris,

312 4341 456 4453 &daddo
480 4385 649 4466 Ricardus,
688 4383 903 4473 permissione
941 4382 1066 4460 divina,
1090 4382 1326 4448 Dunolmensis
1349 4383 1521 4470 episeopus,

311 4466 432 4520 mim·
480 4489 620 4556 salutem
657 4489 694 4552 in
727 4487 875 4554 omnium
914 4483 1095 4550 Salvatore.
1159 4484 1364 4550 Assistentes
1403 4507 1446 4552 ex
1478 4484 1522 4549 di·

480 4591 560 4656 vina
582 4589 769 4657 vocatione
806 4606 943 4674 operosa
987 4585 1164 4651 sedulitate
1209 4591 1425 4654 sacrosancta
1462 4585 1521 4650 Ro

563 4781 570 4814 ¹
588 4779 650 4832 This
661 4781 712 4832 and
722 4779 766 4830 the
777 4777 818 4830 six
828 4777 959 4844 following
970 4778 1056 4828 worda
1066 4791 1112 4828 ara
1122 4777 1243 4841 repeated
1252 4773 1279 4827 in
1286 4776 1332 4828 the
1343 4775 1451 4844 margin.
