3468 6120
631 953 818 1002 asrnrnnr.
1186 936 1251 1000 509
1271 1035 1273 1040 Ι

198 1138 286 1204 Dieu
309 1137 426 1203 Danns
454 1136 598 1202 Richard
629 1137 669 1202 de
704 1135 841 1223 Tvvyng'
865 1157 924 1222 par
955 1156 1074 1200 resoun
1106 1135 1147 1199 de
1169 1155 1253 1199 nous
1265 1145 1417 1246 qqffiqfsv

197 1242 317 1306 sioome
340 1241 365 1304 il
387 1245 455 1305 sest
487 1240 570 1305 molt
591 1239 661 1304 loez
683 1260 705 1304 a
726 1245 877 1316 nous,.et
907 1260 991 1303 vous
1023 1239 1146 1323 prioms
1177 1241 1253 1301 tant
1266 1259 1369 1291 sucoour.

198 1343 432 1430 especielment
453 1365 529 1408 eum
552 1363 635 1406 nous
662 1363 778 1426 poums
801 1363 841 1426 qe
865 1362 924 1406 eeu
950 1341 1028 1405 bien
1051 1340 1113 1405 fait
1135 1339 1252 1404 voillez

199 1445 374 1510 oontinuer
396 1467 471 1509 vers
502 1445 559 1521 lui,
583 1449 617 1508 et
648 1443 697 1506 lui
720 1449 806 1508 estre
829 1443 961 1508 sidente
992 1448 1027 1507 et
1061 1447 1253 1508 sosorauntz

198 1570 233 1612 es
264 1549 377 1613 choses
412 1569 453 1632 qe
486 1547 535 1612 lui
569 1545 730 1612 touchent
760 1546 826 1612 cele
861 1546 984 1631 parties
1017 1546 1137 1611 sicome
1170 1566 1253 1610 vous

197 1671 278 1715 avez
310 1650 373 1716 fait
402 1670 460 1715 oea
491 1669 648 1714 enarrer
680 1671 744 1734 pur
774 1669 890 1714 amour
924 1649 964 1713 de
996 1670 1080 1714 nous
1102 1653 1137 1714 et
1170 1668 1253 1712 nous

198 1773 281 1818 vous
304 1773 511 1818 ensaveroms
534 1751 618 1816 molt
640 1751 706 1815 bon
728 1772 792 1836 gre.
839 1751 943 1828 Dono,
966 1756 1025 1815 ete

421 1915 568 1994 Edward‚
585 1922 644 1981 eto.
690 1915 734 1980 Al
748 1915 937 1994 honurable‚
954 1923 1012 1982 ets.
1059 1915 1152 1981 Nous
1170 1937 1253 1980 vous
1267 1891 1421 1986 Thigisgtso

376 2021 571 2086 maundoms
594 2025 628 2084 et
658 2019 847 2106 chargeoms
879 2043 918 2106 qe
942 2021 987 2084 du
1018 1991 1399 2092 maundemensi'tsttito

198 2143 237 2208 qe
260 2143 344 2186 nous
370 2144 453 2188 vous
483 2121 601 2188 fesoms
632 2143 692 2208 per
725 2123 800 2186 bref
829 2123 869 2186 de
903 2127 1013 2188 nostre
1044 2127 1143 2209 grant
1177 2121 1252 2198 sesl,
1266 2093 1408 2195 iiiiii?

196 2247 260 2310 pur
282 2230 393 2290 nostre
421 2225 498 2290 bien
529 2247 602 2290 ame
627 2223 748 2290 Geffrei
773 2225 812 2290 de
836 2224 1033 2310 Hertrepoll,
1058 2225 1188 2289 endroit
1211 2225 1251 2288 de
1265 2193 1394 2304 {iiiiii

196 2326 261 2392 fair
282 2328 377 2392 venir
400 2327 525 2392 devant
555 2348 639 2391 nous
662 2349 704 2391 en
726 2331 837 2391 nostre
861 2332 955 2392 court
989 2328 1019 2392 le
1052 2327 1183 2392 reeorde
1218 2331 1252 2392 et
1264 2295 1421 2448 ffitffiilffi

194 2451 341 2516 proeesse
364 2429 434 2494 dun
456 2429 529 2515 plee
560 2429 833 2494 dattournement
855 2451 895 2514 qe
928 2427 998 2494 fust
1020 2429 1116 2514 plede
1139 2450 1181 2494 en
1215 2429 1249 2495 la
1264 2445 1379 2540 gisem

196 2537 291 2598 court
322 2531 490 2619 Antoigne
507 2532 598 2618 jadis
631 2553 747 2616 evesqe
782 2531 823 2596 de
847 2531 1009 2596 Duresme
1042 2537 1152 2597 vostre
1179 2553 1252 2618 pre·
1286 2507 1315 2540 ur
1370 2527 1376 2542 '

197 2634 368 2700 deeessour
391 2655 433 2698 en
456 2632 487 2698 le
511 2633 587 2718 quel
610 2633 681 2718 plee
701 2634 876 2719 jugement
899 2633 969 2698 fust
991 2634 1115 2698 renduz
1137 2655 1158 2700 a
1181 2633 1253 2698 des·
1309 2669 1314 2682 ·

198 2734 390 2800 heritannee
424 2735 455 2800 le
493 2735 545 2799 dit
579 2735 722 2820 Geffmy,
758 2741 793 2798 et
826 2741 962 2800 countre
992 2757 1112 2800 resona
1145 2757 1166 2799 n
1197 2757 1253 2801 ceo

199 2837 245 2923 qil
280 2860 313 2902 se
346 2837 464 2924 pleynt
498 2836 586 2902 faesz
620 2837 683 2900 fair
717 2837 781 2900 due
820 2843 855 2901 et
887 2837 1018 2902 hastive
1054 2837 1254 2904 exeeueioun

198 2941 307 3006 selono
330 2940 363 3006 le
385 2945 484 3005 tenur
515 2941 561 3004 du
594 2940 645 3005 dit
677 2939 757 3017 bref,
781 2940 808 3004 si
832 2962 872 3025 qe
895 2941 983 3006 droit
1015 2963 1033 3005 e
1067 2963 1186 3006 resoun
1218 2963 1252 3006 se

198 3043 348 3130 puissent
369 3042 433 3108 fair
456 3064 497 3107 en
520 3042 587 3108 cele
609 3043 774 3127 bosoigne,
798 3047 832 3106 et
854 3065 896 3108 ne
919 3043 1034 3107 soffrez
1055 3065 1118 3128 que
1141 3048 1252 3108 nostre

200 3145 251 3210 dit
272 3145 509 3211 maundement
531 3144 596 3208 soit
618 3149 768 3228 amortyz
791 3143 908 3208 devere
932 3165 1014 3209 vous
1038 3145 1156 3210 sieome
1180 3145 1253 3231 plu-

198 3268 267 3313 sors
289 3251 401 3312 autres
432 3247 466 3332 qi
494 3267 576 3310 vous
599 3251 678 3310 sunt
708 3267 765 3309 sur
799 3267 835 3310 oe
870 3267 977 3310 venuz
1011 3253 1115 3312 event
1148 3252 1251 3312 oestes

198 3349 296 3414 hures
329 3355 391 3414 unt
421 3353 488 3414 este
520 3370 541 3412 a
569 3371 625 3414 ceo
649 3371 688 3433 qe
720 3371 804 3412 nous
839 3355 889 3413 est
923 3349 985 3414 feit
1019 3351 1201 3414 entendant
1231 3372 1252 3416 a

197 3452 588 3538 grauntarrerissement
619 3452 665 3515 du
688 3452 777 3516 droit
806 3452 837 3517 le
861 3453 912 3516 dit
935 3452 1068 3538 Geffrey
1091 3475 1151 3540 par
1174 3454 1252 3538 quoi

199 3553 224 3618 il
247 3555 404 3641 eoveigne
434 3575 474 3638 qe
497 3558 592 3620 autre
623 3553 813 3639 remediey
846 3555 911 3619 soit
944 3576 1018 3640 mys
1050 3577 1110 3642 par
1141 3561 1251 3622 vostre

198 3655 339 3724 defaute.
386 3657 488 3736 Done,
512 3661 571 3722 ete.
1109 3681 1120 3710 ο

421 3808 573 3886 Edwerd‚
588 3813 647 3875 ste.
694 3807 738 3873 Al
755 3807 935 3876 honurable
951 3833 1036 3898 pere,
1052 3817 1110 3878 eto
1158 3813 1252 3878 Nous
1264 3790 1410 3888 affligit

376 3933 458 3976 vous
482 3911 604 3997 pn'oms
626 3912 858 3996 especialment
884 3935 947 3998 qne
970 3935 991 3978 a
1021 3919 1131 3979 nostre
1162 3915 1252 3980 chier
1264 3894 1333 3986 {tiit}
1341 3894 1416 3988 iiis

197 4021 232 4080 et
262 4014 340 4080 foiel
364 4014 532 4078 Monsieur
554 4013 665 4079 Johan
688 4015 729 4079 de
764 4015 915 4091 Penreth,
941 4037 976 4079 es
1010 4017 1186 4103 busoignes
1210 4040 1251 4103 qe
1264 3995 1412 4089 fflgqq

197 4113 245 4180 lui
268 4115 428 4182 touchent
453 4137 495 4180 en
527 4120 637 4180 vostre
660 4120 754 4181 court
785 4117 826 4180 de
857 4117 890 4181 la
919 4117 1081 4184 franchise
1116 4119 1156 4184 de
1179 4095 1374 4198 Du-ssiiiiin'

198 4241 310 4296 resme,
338 4218 469 4284 endroit
498 4218 586 4282 dune
620 4218 720 4282 essise
755 4219 795 4283 de
829 4219 946 4284 novele
978 4221 1154 4300 disseisine‚
1178 4226 1251 4308 qest
1263 4195 1372 4291 {titii

198 4321 345 4386 arreinee
367 4342 442 4384 vers
472 4318 521 4383 lui
543 4341 585 4384 en
616 4341 737 4384 mesme
772 4325 881 4385 vostre
913 4327 1014 4400 court,
1037 4323 1155 4388 voillez
1188 4347 1251 4410 pur

198 4445 313 4488 amour
335 4423 376 4488 de
398 4443 481 4487 nous
511 4421 593 4487 faire
616 4423 696 4487 faire
720 4427 793 4487 tute
827 4423 861 4488 la
882 4445 978 4510 grece
1001 4431 1036 4491 et
1069 4427 1100 4492 le
1133 4427 1251 4493 favour
1319 4493 1332 4516 ⁰

199 4547 239 4610 qe
262 4547 345 4591 vous
375 4547 492 4611 purrez
514 4546 557 4589 en
579 4525 733 4590 dreiture.
781 4525 886 4590 Issint
909 4527 956 4612 qil
983 4529 1058 4614 puis
1085 4530 1186 4594 sentir
1211 4553 1251 4615 qe

199 4628 244 4692 du
267 4649 380 4694 menen
403 4629 451 4692 lui
474 4628 540 4692 soit
567 4649 630 4714 pur
652 4633 763 4694 nostre
794 4629 900 4714 priere
923 4635 958 4694 et
988 4653 1028 4717 qe
1050 4653 1134 4697 nous
1168 4653 1251 4698 vous

200 4731 367 4796 endoioms
405 4730 638 4817 espeoislment
675 4731 819 4796 mercior.
882 4732 977 4799 Done
1015 4739 1108 4800 soutz
1141 4741 1252 4802 nostre

200 4833 291 4918 prive
315 4832 391 4910 seal,
414 4837 474 4899 ste.
