3444 5792
469 827 534 890 426
903 839 1091 890 numum

299 1081 344 1136 sol.
358 1081 429 1134 ΜΗ
467 1087 533 1141 cred
578 1088 584 1100 ,
612 1091 645 1140 oo
809 1021 1012 1088 Reverendae
1028 1021 1235 1088 discretionis
1256 1021 1338 1100 viro,
1354 1025 1390 1086 et
1413 1017 1526 1086 cordis

299 1120 437 1214 remor·
533 1097 603 1140 Μ
646 1105 686 1140 ¹³⁸⁴
765 1125 818 1190 sui
841 1125 972 1192 custodi
988 1125 1095 1202 unico,
1110 1124 1196 1188 illud
1217 1125 1384 1190 modicum
1400 1127 1526 1188 semet-

298 1230 449 1308 lacessere-
467 1227 584 1312 ipsum.
631 1226 725 1292 Licet
740 1225 906 1312 Sapientis
929 1226 1101 1292 consilium
1123 1226 1232 1304 fuerit,
1256 1227 1345 1311 quod
1374 1225 1526 1290 ornicum

299 1295 404 1346 ‘im'
467 1349 564 1392 suum
597 1327 634 1390 in
665 1328 828 1414 prosperis
860 1327 959 1393 horno
993 1327 1111 1392 debeet
1142 1328 1294 1412 experiri,
1326 1325 1527 1390 indubitate

466 1434 579 1494 tumen
615 1428 699 1492 mihi
737 1429 940 1514 repromittit
976 1428 1106 1506 fiducie,
1146 1429 1235 1514 quod
1271 1427 1448 1493 consilium
1490 1431 1527 1490 et

466 1529 638 1607 auxilium,
661 1535 696 1596 et
729 1531 766 1594 in
788 1531 935 1596 adversis
957 1535 992 1594 et
1018 1529 1055 1594 in
1088 1529 1261 1615 prosperis,
1284 1527 1526 1594 communicari

466 1631 550 1696 mihi
572 1631 664 1696 velet
687 1637 800 1698 vestre
832 1632 950 1697 votive
972 1630 1113 1708 dilectio,
1135 1651 1175 1694 sc
1205 1630 1424 1696 effectualiter
1459 1631 1539 1694 im·-

468 1733 593 1820 pertiri.
640 1733 728 1798 Sanc
763 1733 861 1800 latori
895 1733 1109 1820 prsesentium
1141 1731 1277 1817 injunxi
1308 1732 1423 1818 eliqua
1456 1731 1527 1796 oris

467 1835 627 1902 relatione
642 1836 737 1900 vobis
760 1835 907 1912 dicende,
923 1841 958 1900 et
980 1856 1040 1921 per
1054 1834 1118 1899 Dei
1140 1834 1282 1920 gretiam
1304 1834 1348 1898 ed
1370 1839 1525 1897 restrum

467 1937 671 2023 adjutorium
703 1937 740 2001 in
763 1937 867 2004 Curia
898 1937 1025 2002 domini
1056 1936 1163 2000 nostri
1195 1935 1349 2022 Episcopi
1384 1935 1526 2022 expedi·

467 2040 571 2120 ende;
606 2040 669 2117 cui,
703 2041 732 2104 si
769 2039 887 2126 placet,
918 2039 1018 2104 fidem
1056 2038 1243 2104 adhibeatis
1281 2037 1452 2104 credulum
1486 2039 1525 2102 in

466 2141 532 2206 hiis
555 2162 629 2226 quae
652 2163 695 2206 ex
725 2147 821 2227 purte
843 2161 917 2206 mee
939 2139 1034 2206 vobis
1057 2138 1193 2206 duxerit
1222 2139 1420 2215 intimondu
1445 2161 1525 2225 quae

466 2245 591 2310 frierint
622 2243 716 2309 vobis
739 2243 862 2330 placito
891 2243 975 2308 mihi
1001 2241 1113 2308 morel
1144 2247 1255 2307 vestro
1287 2243 1524 2328 prsecipientes

467 2367 525 2432 per
547 2345 697 2410 eundem.
743 2345 788 2410 Et
818 2346 855 2410 in
889 2345 998 2431 cupite
1021 2349 1056 2410 et
1086 2343 1123 2408 in
1145 2343 1301 2410 membris
1334 2343 1522 2410 felicissime

467 2449 505 2514 in
526 2447 660 2514 Christo
682 2447 830 2514 veleatis.

300 2675 345 2728 101.
360 2675 437 2728 rus.
468 2674 505 2725 ut
527 2676 584 2740 qus
605 2685 694 2730 uvat
711 2683 737 2727 e
814 2647 1006 2713 Reverendo
1037 2647 1075 2712 in
1105 2644 1237 2714 Christo
1259 2647 1357 2734 patri,
1389 2647 1522 2712 domino

299 2755 386 2806 Iacer
411 2821 417 2834 ι
468 2745 599 2796 deliberet.
769 2749 918 2828 Ricurdo,
942 2749 1006 2814 Dei
1027 2749 1144 2835 gratis,
1166 2749 1281 2815 illecto
1304 2748 1521 2814 Dunelmensi

299 2821 439 2953 {22¹ssss
468 2851 668 2930 confirmato,
692 2851 832 2918 devotus
846 2851 944 2930 filius,
960 2851 1146 2916 Willelmus
1167 2852 1258 2938 prior
1279 2851 1521 2928 Dunelmensis,

301 2954 454 3070 ⁰21}le
468 2953 616 3032 sulutem,
639 2975 714 3018 cum
748 2954 861 3021 debito
894 2960 928 3020 et
962 2955 1083 3019 devote
1105 2955 1293 3020 obedientis
1323 2960 1359 3020 et
1389 2955 1518 3020 honore

300 3029 394 3150 ἷξξὼοῑ,
468 3055 655 3140 Cupientes,
678 3061 719 3120 ut
740 3061 899 3134 tenemur,
922 3056 964 3121 de
986 3055 1052 3120 hiis
1074 3077 1148 3142 quae
1170 3056 1266 3120 vobis
1287 3056 1401 3122 obesse
1430 3062 1519 3142 pote-

301 3153 416 3268 gfflffi
468 3161 556 3234 runt,
579 3163 743 3243 quotenus
772 3180 815 3224 ex
837 3179 936 3224 sensu
959 3158 1140 3244 peritorum
1165 3157 1317 3244 colligere
1339 3179 1519 3244 possumus,

300 3235 403 3334 ,quisve
415 3291 442 3336 to
468 3265 528 3324 aut
550 3260 758 3346 perpendere,
780 3265 926 3326 vestrum
948 3260 1167 3326 reverentiam
1189 3261 1398 3347 praemunire,
1414 3268 1520 3346 pster-

300 3351 440 3468 ffifflffi
468 3361 570 3426 niteti
592 3367 712 3428 vestrm
749 3363 974 3428 insinuatione
1007 3362 1221 3448 presencium
1252 3363 1400 3448 patefiet,
1433 3362 1519 3448 quod

314 3489 320 3498 ·
438 3453 522 3528 'die
546 3463 684 3529 Veneris
714 3464 866 3550 proxime
899 3464 1022 3542 futuro,
1057 3465 1288 3530 secedentibus
1322 3465 1518 3552 quibusdem

467 3565 582 3630 amieis
604 3566 694 3652 opud
715 3566 926 3644 Dunelmum,
943 3565 1051 3632 sciolis
1074 3566 1232 3644 diseretis,
1254 3588 1294 3632 ee
1315 3567 1358 3632 dc
1381 3567 1518 3654 negotiis

468 3667 588 3732 vestris
611 3689 719 3734 eorem
741 3669 919 3755 praesentie
940 3668 1032 3754 regie
1054 3668 1275 3754 expediendis,
1297 3668 1354 3734 vel
1383 3669 1518 3735 forsitan

469 3769 643 3855 expeditis,
687 3775 868 3836 tractatum
905 3770 1106 3836 habentibus
1143 3775 1337 3856 opportune,
1376 3771 1518 3857 ipsorum

470 3869 652 3938 deliberato
693 3872 829 3938 consilio
871 3871 1047 3938 didicimus
1090 3871 1270 3950 evidenter,
1304 3873 1395 3958 quod
1428 3874 1518 3938 vobis

470 3980 504 4039 et
541 3975 684 4041 ecolesite
714 3979 834 4040 vestroe
868 3995 936 4040 non
967 3973 1112 4062 expedit,
1144 3995 1207 4040 nec
1239 3979 1290 4039 est
1322 3974 1450 4053 decens,
1482 3981 1518 4040 ut

470 4075 634 4142 existente
656 4076 810 4142 libertate
841 4075 879 4140 in
909 4097 1011 4141 manu
1034 4075 1160 4140 domini
1194 4075 1295 4162 Regis
1328 4077 1519 4163 tempolnliu

471 4179 677 4265 episcopatus
715 4177 867 4264 praedicti
903 4177 1094 4262 aliqualiter
1131 4177 1330 4255 admittetis,
1368 4181 1517 4264 quonism

470 4282 506 4346 in
526 4281 667 4346 instanti
689 4280 813 4351 Itinere
847 4279 1114 4345 Justicieriorum
1135 4281 1225 4366 opud
1247 4280 1453 4346 Dunolmum
1475 4287 1518 4345 te

470 4383 631 4448 nebimini
655 4405 697 4448 ex
719 4382 790 4460 hoc,
812 4387 973 4468 tunquam
1005 4381 1147 4466 quilibet
1170 4381 1211 4446 de
1233 4383 1364 4468 populo,
1388 4383 1519 4450 cuilibet

471 4485 511 4549 de
534 4483 629 4549 vobis
652 4506 750 4570 super
771 4483 868 4548 terris
890 4489 925 4548 et
946 4483 1205 4568 possessionibus
1220 4483 1347 4550 volenti
1368 4483 1517 4570 conqueri
