3444 5792
477 843 542 906 422
910 849 1097 902 nxcnnrrs.

477 1043 580 1122 vobis,
596 1043 741 1110 favorem
764 1047 799 1108 et
820 1041 962 1128 grutiom
985 1040 1022 1104 in
1039 1039 1116 1124 jure
1137 1057 1204 1115 suo,
1221 1041 1386 1124 quatenns
1399 1035 1531 1106 licitum

478 1147 587 1224 filei-it,
632 1143 853 1231 impendatis3
889 1165 958 1208 non
994 1141 1222 1228 permittentes
1266 1139 1418 1214 eundem,
1456 1159 1532 1204 curn

478 1269 622 1336 praeceps
644 1247 689 1310 sit
710 1244 956 1330 aliquantulum
978 1243 1015 1306 in
1038 1263 1194 1319 sermono,
1218 1241 1261 1307 ab
1281 1241 1453 1306 advocetis
1475 1261 1533 1304 seu

477 1349 737 1438 procurantibus,
760 1347 815 1412 vel
836 1369 895 1433 per
928 1345 1202 1431 interrogationes
1232 1344 1360 1428 aliquas
1394 1343 1532 1408 circum-

478 1451 586 1518 veniri
617 1451 675 1516 sed
696 1447 996 1514 nonobstantibus
1026 1446 1153 1511 fiivolis
1176 1445 1435 1532 exceptionibus,
1458 1465 1534 1528 quse

437 1575 453 1586 ·
477 1553 617 1618 forsitan
639 1555 808 1636 emergent
830 1573 871 1616 ex
903 1550 1049 1624 adverso,
1074 1548 1200 1614 dictum
1221 1547 1394 1632 negotium
1427 1545 1534 1610 discu-

479 1655 585 1720 tistur
628 1653 785 1732 celeriter,
830 1657 865 1718 ct
902 1651 992 1737 quod
1024 1650 1155 1736 justum
1198 1648 1300 1714 fuerit
1344 1648 1424 1714 indo
1465 1648 1534 1712 fist

447 1813 450 1818 .
480 1756 605 1822 Vslete.

313 1948 359 2002 soi.
372 1953 429 2000 uo.
482 1943 527 1994 Ao
549 1942 748 1992 uem-oum
825 1905 995 1983 Riffldut
1031 1909 1100 1982 eleo
1132 1903 1329 1969 Vfflssfflndae
1366 1903 1535 1990 reflglfflfifl

312 2029 435 2079 Mmdnte
480 2008 619 2077 mm
629 2005 747 2058 usone!
781 2007 871 2084 viris,
894 2011 929 2071 et
953 2007 1069 2072 amicis
1091 2007 1128 2070 in
1159 2005 1311 2084 Domin0,
1335 2005 1535 2092 praedilectis

313 2101 340 2144 ¹⁰
353 2095 450 2210 ⁸¹¹⁰&
482 2112 632 2189 dominis,
647 2111 774 2176 Abbati
797 2115 831 2174 et
847 2108 1037 2174 Conventui
1053 2108 1093 2173 de
1112 2107 1269 2194 Wyteby,
1286 2108 1436 2186 sulutem,
1460 2129 1535 2174 cum

312 2175 441 2278 mtto
481 2214 708 2282 benedictione
731 2211 847 2276 divine
869 2217 903 2275 et
925 2211 1034 2297 gretie
1057 2209 1246 2276 Snlvstoris
1306 2210 1359 2274 Ex
1381 2211 1536 2296 gratiosis

314 2293 438 2424 {law
480 2313 726 2390 benevolentiis,
750 2311 945 2398 opportunis
967 2312 1151 2398 adjutoriis,
1174 2317 1208 2376 et
1230 2313 1392 2398 promptis
1414 2311 1536 2378 foveri-

480 2419 552 2498 bus,
576 2417 695 2484 dilecto
718 2415 890 2482 domicello
920 2421 1043 2493 nostro,
1066 2413 1203 2500 Hugoni
1237 2413 1278 2479 dc
1301 2413 1448 2500 Witeby,
1479 2437 1534 2479 er·

480 2519 619 2586 hibitori
656 2516 878 2604 praesentium,
917 2515 1023 2580 nostri
1067 2515 1354 2601 contemplatione,
1392 2516 1430 2580 in
1468 2515 1534 2580 suis

481 2621 618 2710 agendis
640 2619 797 2705 impensis
819 2615 1049 2702 multipliciter
1072 2620 1106 2680 et
1129 2615 1265 2693 collatis,
1288 2615 1331 2682 ed
1354 2638 1414 2682 vos
1429 2639 1535 2682 assur-

482 2726 591 2812 gimus
614 2721 758 2809 gratiss3
789 2742 831 2786 ex
854 2719 1027 2786 affcctione
1051 2719 1146 2784 vobis
1179 2720 1216 2783 in
1238 2721 1359 2785 vestris
1392 2721 1533 2808 negotiis

483 2847 557 2912 quse
591 2845 690 2910 penes
721 2843 782 2887 nos
815 2820 982 2886 habebitis
1019 2819 1187 2898 faciendis,
1225 2821 1378 2886 volentes
1416 2821 1533 2886 exindo

482 2930 602 2994 fortius
626 2926 773 3012 obligari,
797 2925 1008 2990 dilectionem
1031 2924 1145 3009 itaque
1168 2929 1314 2990 vestrum
1336 2930 1465 2990 attente
1486 2947 1534 2990 re-

483 3031 646 3118 quirimus
669 3033 704 3092 ct
725 3049 877 3114 rogamus
901 3026 1068 3112 quatinus,
1084 3047 1185 3112 penes
1208 3027 1336 3092 dictum
1359 3027 1534 3114 Hugonem

484 3133 632 3200 subsidia
655 3135 767 3196 vestro
789 3129 951 3195 benevola
972 3129 1176 3194 continuatis
1198 3127 1320 3194 studiis
1342 3135 1535 3206 exercentes,

485 3238 592 3304 cidem
625 3237 662 3300 in
692 3233 758 3298 hiis
790 3255 865 3319 quae
896 3232 984 3298 infru
1005 3232 1195 3298 libertatem
1220 3237 1368 3298 vestram
1391 3233 1434 3296 od
1455 3253 1536 3319 prae·

485 3360 561 3404 sens
599 3334 755 3402 habuerit
791 3333 1018 3420 prosequenda
1055 3333 1168 3398 edesse
1205 3333 1318 3398 velitis
1355 3332 1534 3412 efficaciter,

485 3439 610 3504 favoris
632 3443 667 3503 et
689 3436 805 3524 grctiae
829 3435 983 3522 praesidio
1005 3440 1168 3501 consueto.

317 3625 362 3677 fol.
377 3631 433 3677 153,
486 3625 687 3689 sequestramus
764 3589 967 3655 Reverendae
990 3589 1196 3656 discretionis
1218 3589 1291 3680 uiro
1314 3595 1350 3654 et
1375 3590 1480 3657 emico
1502 3591 1534 3654 in

317 3707 440 3756 Mandata
484 3693 620 3742 reuxetur.
719 3691 871 3771 Domino,
894 3692 1082 3779 praedilecto
1105 3693 1263 3779 magistro
1286 3691 1442 3770 Johanni,
1460 3691 1534 3758 Offi-

317 3773 474 3902 ffeqffiae
487 3795 563 3862 ciali
587 3794 793 3873 Eborscensi,
828 3795 998 3874 Ricardus,
1021 3796 1236 3882 permissione
1267 3796 1390 3876 diving
1413 3795 1535 3861 Dunol-

317 3904 379 3955 tion.
487 3897 609 3962 mensis
646 3895 835 3983 Episcopus,
854 3897 1006 3962 'salutem
1040 3897 1077 3960 in
1109 3896 1318 3983 amplexibus
1348 3897 1535 3963 salvatoris

489 3999 650 4080 Quotiens
688 4003 862 4084 emergunt
899 3998 1012 4083 aliqua
1047 3995 1146 4083 quae²
1179 4003 1331 4064 nostrum
1361 3999 1536 4065 sollicitant

486 4101 645 4177 animum,
674 4101 711 4164 in
740 4099 882 4173 vestrae'„
894 4099 1078 4165 dilectionis
1112 4099 1319 4186 plenitudine
1352 4101 1535 4165 invenimus

489 4203 674 4288 refugium3
705 4223 764 4288 per
786 4201 876 4287 quod
897 4223 919 4266 o
949 4201 1171 4267 sollicitudine
1205 4202 1360 4267 exuimur
1380 4207 1416 4268 et
1445 4201 1536 4268 redu·

488 4304 593 4370 cimur
615 4303 657 4368 sd
680 4303 845 4388 quictem3
875 4303 1014 4388 ideoque
1037 4303 1108 4368 sine
1131 4302 1315 4368 diffidentis
1337 4308 1482 4369 vestram
1503 4303 1536 4367 in

488 4404 640 4471 omnibus
663 4425 737 4490 quse
759 4425 820 4469 nos
843 4409 988 4490 tangunt
1009 4404 1180 4490 pulsamus
1202 4405 1404 4471 instantium.

522 4689 529 4720 ¹
548 4688 631 4751 Noto,
642 4689 704 4739 with
719 4703 736 4738 a
747 4689 823 4752 hond,
835 4703 862 4739 as
875 4704 890 4738 s
901 4688 993 4755 morgi·
1012 4683 1019 4813 Ι
1073 4687 1083 4721 ²
1100 4705 1151 4752 qua
1161 4687 1188 4738 in
1199 4689 1257 4741 MS.

489 4769 531 4818 nal
543 4773 610 4820 note.
