3468 6120
446 843 512 908 ὄοσ
875 857 1062 910 Arrrrmx.

444 1047 568 1132 prioms
590 1051 666 1112 tent
688 1044 870 1112 ohierment
900 1045 941 1109 de
975 1065 1052 1110 ouer
1082 1063 1173 1108 eome
1206 1064 1290 1108 nous
1321 1063 1436 1128 pooms
1458 1065 1498 1130 qe

445 1150 486 1214 de
509 1171 630 1214 mesme
662 1148 695 1214 la
717 1149 838 1213 vicarie
862 1147 981 1212 voillez
1011 1168 1075 1232 pur
1105 1167 1200 1210 omur
1227 1146 1267 1209 de
1299 1167 1383 1211 nous
1414 1146 1499 1210 faire

444 1235 509 1316 un'e
532 1251 645 1327 deone,
668 1273 710 1315 on
733 1249 766 1315 la
788 1271 919 1314 monere
942 1271 982 1334 qe
1006 1249 1162 1332 Antoyne
1188 1248 1278 1330 jedis
1309 1269 1427 1332 evesqe
1456 1248 1498 1314 de

443 1353 605 1418 Duresme
636 1359 746 1418 vostre
764 1352 1011 1438 ·predeoessour
1043 1351 1100 1415 fist
1131 1351 1271 1415 dee-neos
1305 1371 1347 1414 en
1379 1351 1495 1436 legh'se

443 1455 619 1520 dAuolond
642 1459 676 1519 ot
699 1454 858 1518 dasounes
885 1459 996 1517 autres
1017 1451 1133 1537 eglises
1155 1473 1195 1536 qe
1218 1457 1298 1515 sunt
1321 1452 1361 1516 de
1385 1457 1498 1516 vostre

444 1561 632 1642 potronsge,
657 1561 690 1620 et
713 1555 753 1619 de
776 1576 897 1620 mesme
921 1554 955 1618 lo
977 1554 1155 1618 condicion.
1202 1553 1357 1618 moeste
1383 1561 1497 1620 nostre

443 1663 593 1742 requesbe
616 1657 734 1722 voillez
766 1657 794 1720 si
826 1656 1004 1720 bonement
1036 1656 1155 1719 otroier
1185 1659 1219 1719 et
1245 1654 1432 1739 pmsommir
1455 1677 1497 1739 qe

443 1759 474 1824 le
497 1759 549 1824 dio
571 1759 718 1822 Bemerd
742 1779 776 1822 se
799 1758 874 1844 puis
896 1757 966 1822 loer
988 1761 1023 1821 et
1044 1757 1149 1820 sentir
1170 1777 1241 1822 esez
1263 1777 1325 1841 par
1346 1778 1437 1833 nous,
1461 1763 1497 1822 eh

443 1883 483 1946 qe
506 1881 589 1925 nous
613 1882 696 1924 vous
728 1881 770 1924 en
802 1859 928 1923 doioms
960 1857 1192 1943 especiahnent
1221 1859 1365 1934 mercior,
1387 1863 1423 1922 et
1448 1859 1495 1922 du

443 1964 519 2048 plus
541 1961 711 2026 volunters
742 1961 823 2025 seire
846 1959 951 2034 chose,
975 1961 1081 2024 dount
1102 1981 1185 2023 vous
1210 1981 1293 2023 nous
1315 1981 1494 2044 requerrez

446 2067 491 2130 Et
514 2087 573 2150 per
595 2087 656 2130 voz
687 2065 801 2130 lettres
824 2069 859 2128 eh
889 2085 949 2148 per
971 2062 1002 2126 le
1034 2067 1170 2148 portour
1203 2063 1244 2126 de
1275 2067 1388 2140 oestes,
1409 2083 1495 2127 nous

442 2168 615 2235 remendez
637 2188 673 2232 oe
697 2189 736 2252 qe
759 2187 842 2231 vous
865 2186 907 2230 en
929 2187 1046 2230 overez
1068 2164 1140 2230 fait.
1186 2164 1291 2240 Done,
1314 2170 1373 2231 etr„

273 2390 291 2440 f.
305 2391 386 2444 erro.
665 2377 816 2453 Edward
849 2381 907 2441 ebo
968 2375 1012 2439 Al
1057 2375 1246 2452 honureble,
1276 2382 1336 2442 eto.
1397 2377 1494 2442 Nous

273 2467 424 2570 ffiffidfiy
619 2502 702 2545 vorm
739 2500 853 2544 avoms
891 2478 1023 2564 plusurs
1059 2479 1142 2542 foiez
1179 2479 1268 2564 priez
1305 2485 1407 2544 ovant
1439 2502 1492 2546 oms

273 2570 424 2662 ffiffi'e
440 2583 540 2648 houm
572 2605 633 2668 par
663 2603 725 2646 noz
760 2582 874 2646 lettres
912 2603 952 2665 qe
991 2602 1074 2644 vous
1109 2581 1273 2646 vousissez
1303 2588 1438 2667 grenter
1471 2607 1493 2648 a

272 2671 424 2769 fflffffl
440 2693 550 2750 nostre
581 2685 670 2750 chier
703 2705 804 2768 oosy‘n
827 2687 862 2746 et
893 2682 971 2746 foiol
995 2683 1162 2746 Monsieur
1184 2683 1289 2747 Henri
1322 2685 1362 2748 de
1386 2685 1492 2748 Beou·

274 2773 420 2872 ῗέἷᾷἳῖὧῗθ
440 2794 542 2864 mont,
566 2787 597 2872 qi
630 2809 713 2852 nous
736 2803 891 2852 enveoms
912 2806 934 2849 a
967 2784 1115 2849 demorer
1139 2807 1196 2848 sur
1226 2785 1260 2850 la
1293 2787 1425 2852 Marche
1449 2811 1491 2851 en

271 2872 382 2964 mdo:
440 2891 512 2954 eide
543 2890 583 2953 de
618 2888 748 2952 defense
781 2888 822 2951 de
853 2886 954 2970 ycele‚
984 2887 1099 2950 devoir
1133 2909 1193 2951 son
1226 2893 1314 2952 reret
1345 2911 1409 2973 pur
1441 2889 1491 2954 lui

273 2971 389 3015 ⁸⁰⁰‘¹⁰¹¹‘¹·
440 2997 474 3055 et
496 3015 560 3078 pur
580 3013 629 3055 ses
644 2995 743 3076 genhz
766 3011 807 3054 en
823 2994 933 3054 vostro
956 2988 1081 3054 chostel
1102 2989 1143 3054 de
1162 2989 1310 3054 Norham
1330 3013 1351 3056 a
1372 3013 1492 3056 souve-

440 3099 473 3158 te
507 3094 547 3158 de
582 3099 691 3157 nostre
716 3099 820 3156 estate
843 3097 878 3156 et
909 3091 950 3154 do
974 3095 1084 3155 voshre
1107 3097 1143 3156 eh
1171 3091 1247 3177 plus
1279 3115 1397 3178 grever
1428 3115 1493 3158 noz

440 3217 583 3280 enemys,
611 3217 632 3260 a
666 3194 744 3279 quoi
779 3214 861 3257 vous
884 3213 925 3256 ne
957 3213 1041 3257 nous
1075 3214 1155 3257 avez
1188 3215 1291 3258 uneor
1313 3195 1411 3260 voluz
1439 3219 1492 3260 re-

440 3299 588 3382 spondre.
635 3296 679 3360 m
710 3315 773 3380 pur
795 3295 828 3358 la
850 3294 951 3358 ferme
974 3295 1110 3358 volunte
1133 3316 1173 3379 qe
1206 3317 1289 3359 nous
1312 3317 1427 3360 avoms
1450 3319 1492 3382 qe

440 3401 523 3464 bone
539 3399 638 3485 garde
659 3420 693 3462 se
708 3397 778 3464 faoe
800 3396 884 3462 celes
906 3395 1038 3482 parties
1056 3418 1116 3481 por
1138 3397 1171 3460 le
1193 3403 1303 3462 seurte
1322 3399 1363 3463 de
1380 3405 1437 3463 tuh
1459 3400 1491 3464 le

439 3524 521 3586 pays
545 3503 661 3566 devers
691 3501 758 3566 oele
782 3499 921 3575 marche,
944 3499 973 3562 si
1005 3521 1118 3563 avoms
1141 3501 1280 3565 ordenez
1302 3507 1337 3566 et
1367 3504 1490 3587 permis

436 3603 672 3668 oerteinement
710 3623 731 3666 a
767 3607 878 3666 nostre
916 3601 967 3664 dih
1000 3622 1101 3685 oosyn
1135 3601 1175 3664 de
1209 3601 1258 3665 lui
1292 3602 1376 3667 faire
1409 3626 1492 3669 ever

436 3725 495 3768 son
526 3708 614 3768 reoet
637 3725 678 3766 en
701 3702 753 3766 dit
775 3700 908 3777 choesel,
930 3707 1048 3764 seunhz
1070 3701 1146 3786 quel
1172 3701 1196 3764 il
1226 3724 1275 3787 ny
1297 3705 1426 3769 voudro
1447 3728 1490 3771 ne

338 3837 340 3840 ·
435 3826 477 3870 ne
500 3827 602 3892 purra
631 3806 810 3869 bonemenh
841 3804 996 3880 demorer,
1021 3824 1104 3866 vous
1135 3803 1258 3888 prioms
1289 3810 1366 3870 tant
1397 3829 1489 3872 come

435 3931 520 3974 nous
542 3931 654 3994 pooms
681 3907 708 3970 si
732 3926 822 3972 come
853 3905 1003 3991 plusours
1026 3905 1110 3969 foiez
1133 3926 1216 3969 vous
1250 3927 1365 3971 avoms
1398 3911 1490 3994 pn'ez

435 4018 470 4076 et
507 4011 695 4096 chorgeoms
733 4029 775 4072 en
811 4007 844 4072 lo
875 4007 921 4071 foi
955 4029 995 4092 qe
1029 4028 1111 4072 vous
1145 4029 1227 4075 nous
1261 4009 1363 4074 devez
1395 4033 1435 4096 qe
1469 4037 1491 4078 a

436 4135 557 4178 mesme
592 4117 702 4176 nostre
740 4129 841 4193 cosyn
879 4108 967 4172 ferez
1005 4113 1124 4172 sountz
1162 4109 1239 4174 nule
1277 4132 1408 4176 manere
1448 4115 1490 4180 de

436 4216 534 4300 delay
571 4213 688 4278 bailler
725 4232 846 4274 mesme
885 4215 994 4273 vostre
1032 4209 1156 4275 chashel
1193 4233 1257 4296 pur
1293 4235 1354 4277 son
1392 4223 1489 4294 reoet,

436 4319 534 4383 issint
557 4339 596 4401 qe
630 4337 680 4379 ses
710 4319 809 4398 gentz
842 4335 866 4397 y
897 4312 1048 4397 puissent
1082 4312 1304 4378 hashivement
1334 4315 1418 4382 faire
1452 4341 1490 4384 sa

436 4439 620 4506 purveonoe
647 4421 759 4481 contre
792 4435 829 4477 sa
859 4435 966 4476 venue
989 4413 1101 4490 illuks,
1125 4435 1165 4498 qe
1199 4414 1270 4478 doit
1292 4421 1377 4482 estre
1400 4440 1422 4482 a
1455 4419 1490 4486 la

436 4521 609 4606 quinzeine
632 4518 673 4582 de
697 4517 731 4581 le
754 4515 848 4579 Seint
872 4515 996 4578 Mordin
1019 4513 1176 4600 proohein
1198 4517 1322 4594 evenir,
1345 4524 1381 4582 eh
1401 4527 1490 4586 estre

436 4647 471 4689 oe
505 4623 595 4686 forez
633 4624 752 4683 mettre
789 4639 831 4680 en
868 4639 989 4680 mesme
1027 4616 1057 4680 le
1091 4616 1215 4682 ohashel
1248 4639 1327 4682 xxx.
1361 4642 1403 4684 ou
1442 4623 1488 4686 xl.

435 4726 582 4790 hommes
609 4723 737 4787 darmes
763 4720 846 4784 bons
877 4724 912 4783 et*
942 4717 1118 4786 suffisaunz
1151 4721 1192 4788 de
1215 4742 1276 4786 voz
1308 4729 1408 4812 gentz
1431 4725 1488 4792 de-
