3444 5792
645 882 829 931 exoraris.
1198 865 1262 928 425

216 1073 371 1140 distinete
403 1079 438 1138 et
468 1077 581 1159 aperte
615 1072 760 1137 reddetis
794 1071 956 1137 certiores.
1014 1069 1140 1136 Datum
1175 1068 1265 1155 apud

216 1180 285 1254 ete,
308 1197 397 1241 auno
419 1175 632 1261 pontificatus
654 1175 760 1240 nostri
784 1173 893 1239 tertio.

218 1409 258 1459 De
275 1409 361 1459 cuneis
376 1417 484 1460 monete
563 1425 569 1438 .
627 1425 633 1438 .
690 1425 696 1438 .
752 1373 902 1452 salutem,
925 1396 1000 1440 cum
1036 1373 1266 1438 benedictione
1277 1377 1322 1427 sol·
1337 1382 1392 1427 1⁶⁹·

217 1475 333 1526 coenus.
517 1475 642 1552 divina,
680 1482 714 1540 et
751 1476 861 1562 gratia
900 1475 1092 1542 salvatoris.
1154 1473 1265 1538 Missis
1277 1455 1433 1572 {mgni

215 1599 322 1664 nuper
355 1578 541 1643 Londonias
579 1583 720 1643 monetes
751 1583 872 1643 nostrae
904 1579 1016 1644 cuneis
1047 1599 1136 1642 more
1169 1576 1265 1641 solito
1277 1587 1329 1638 tion
1342 1595 1369 1638 a

217 1679 438 1756 emendandis,
462 1679 606 1744 ministri
639 1679 763 1744 domini
796 1680 901 1744 nostri
924 1679 1032 1764 Regis,
1057 1679 1099 1743 ad
1123 1677 1266 1743 officium
1278 1653 1434 1785 fflffla‘ge

217 1781 301 1846 illud
316 1782 476 1867 deputati,
494 1805 548 1847 eos
564 1783 687 1846 ibidem
703 1783 862 1859 detinent,
879 1782 1106 1868 probationem
1125 1785 1266 1846 monetae
1279 1786 1433 1837 olumnam.

217 1906 291 1970 quee
323 1884 363 1948 fit
394 1883 482 1949 infra
515 1885 702 1950 libertatem
729 1890 876 1949 nostram
908 1884 979 1949 ficri
1015 1883 1203 1960 Londoniis,
1227 1889 1268 1948 ut

218 1985 383 2064 asseritur,
415 1985 592 2072 exigentes.
639 1985 762 2050 Verum
797 1986 877 2070 quia
910 2007 977 2050 uon
1011 1991 1141 2050 constat
1171 1985 1267 2050 nobis

218 2087 495 2153 certitudinaliter
528 2086 593 2151 an1
632 2109 675 2152 ex
704 2086 762 2151 ille
795 2109 895 2152 causa
924 2087 979 2152 vel
1017 2109 1059 2152 ex
1090 2087 1157 2152 elia
1184 2087 1267 2152 dieti

217 2191 312 2256 cunei
336 2190 404 2254 sint
434 2189 571 2267 detenti,
595 2189 805 2255 dilectionem
835 2194 980 2255 vestram
1004 2189 1201 2275 requirimus
1233 2195 1268 2254 et

217 2313 370 2379 rogamus
393 2292 560 2376 quatinus,
587 2313 686 2356 cause
708 2297 842 2377 propter
864 2313 963 2377 quam
997 2292 1188 2357 detinentur
1218 2313 1269 2356 sc-

216 2394 338 2460 cretius
353 2393 521 2479 inquisita,
538 2393 768 2458 liberationem
780 2391 793 2430 ²
807 2393 995 2471 eorundem,
1012 2393 1139 2458 caeteris
1155 2393 1269 2458 amicis

217 2497 338 2562 nostris
372 2495 659 2580 coadjuvantibus,
682 2495 864 2560 instantius
896 2501 1119 2580 procurantes,
1154 2501 1268 2560 utrum

217 2621 335 2684 asseya
357 2604 498 2663 monetae
526 2619 600 2683 quae
623 2597 745 2662 nostris
767 2597 918 2683 pertibus
944 2597 1124 2663 fabricatur
1146 2597 1268 2662 ibidem

217 2702 289 2766 fieri
313 2701 432 2766 debeat
453 2707 514 2765 aut
536 2701 716 2776 consuevit,
741 2701 908 2764 suetiam
931 2700 1073 2778 aliunde,
1098 2705 1158 2765 eut
1188 2700 1269 2785 quid

218 2804 253 2868 in
283 2803 345 2868 hee
367 2807 461 2888 parte
484 2801 665 2867 consultius
688 2801 789 2866 fuerit
812 2801 1006 2878 faciendum,
1031 2823 1106 2866 eum
1131 2801 1204 2866 eliis
1228 2800 1269 2865 de

218 2911 329 2970 nostro
364 2903 510 2969 Consilio
537 2909 716 2968 tractatum
749 2902 1048 2987 diligentissimum,
1072 2903 1100 2966 si
1132 2903 1269 2988 placeat,

218 3007 376 3072 habeatis.
423 3006 468 3070 Et
492 3005 520 3069 si
543 3005 662 3082 forsan,
686 3005 729 3068 ad
751 3004 891 3088 alicujus
914 3005 1026 3090 partis,
1051 3026 1125 3089 quae
1156 3010 1270 3069 contra

217 3133 277 3175 nos
315 3131 373 3174 seu
410 3113 577 3173 monetam
611 3106 758 3192 opponit,
782 3106 977 3171 instantiam
1008 3107 1064 3170 vel
1094 3107 1269 3191 querelam,

217 3213 317 3277 iidem
341 3211 438 3276 cunei
460 3209 587 3274 fuerint
609 3207 771 3293 impediti,
795 3208 882 3273 circa
897 3230 1009 3273 eorum
1032 3208 1268 3286 liberationem,

218 3316 304 3382 sicut
326 3313 405 3378 facti
428 3311 572 3398 qualitas
594 3311 792 3396 requisierit,
817 3333 1006 3395 quaesumus
1029 3311 1192 3376 laboretis.

219 3551 257 3602 Ut
292 3549 348 3614 quis
384 3547 485 3599 intersit
564 3564 570 3577 .
617 3564 624 3576 .
671 3563 677 3576 .
733 3512 883 3590 sulutem,
918 3514 1069 3599 gratiam,
1103 3519 1138 3580 et
1171 3515 1327 3580 bene-rol.
1341 3529 1418 3580 leet.

218 3616 355 3668 semusti.
519 3615 709 3680 dictionem.
778 3615 941 3680 Instantis
982 3616 1058 3681 festi
1103 3609 1439 3726 Paschulisfflffi·

219 3720 391 3786 sollemnia
428 3719 647 3804 disponentes,
685 3721 819 3782 auctore
857 3717 1009 3796 Domino,
1047 3720 1084 3782 in
1123 3741 1428 3806 manenonebishop

218 3826 331 3886 nostro
353 3819 408 3885 del
430 3819 584 3884 Wilhalle
608 3818 721 3883 debita
743 3819 929 3883 reverentia
952 3819 1121 3896 celebrere,
1145 3821 1182 3884 in
1204 3807 1432 3938 quoffiffiffltff

219 3923 369 4009 cupimus
392 3921 529 3987 summis
552 3920 722 3985 desideriis
745 3925 857 3985 vestra
879 3921 1004 4006 perfrui
1019 3922 1149 4008 placida
1171 3939 1412 4002 oomr-spendhis

219 4027 298 4104 tiva,
322 4025 550 4090 discretionem
574 4029 718 4088 vestram
742 4023 919 4088 affectuose
941 4024 1139 4108 requirimus
1163 4030 1198 4089 et
1219 4005 1423 4122 ro-ssfffigr

218 4149 335 4214 gamus
367 4127 524 4212 quatinus
559 4125 648 4190 dicto
683 4124 745 4201 die,
778 4125 822 4189 ad
856 4125 991 4190 uberius
1025 4126 1132 4191 cordis
1165 4127 1271 4192 nostri
1284 4137 1410 4189 orwelli-

219 4229 379 4316 gaudium
402 4233 437 4293 et
460 4227 696 4292 benevolorum
721 4232 909 4291 nostrorum
942 4227 999 4312 qui
1023 4229 1158 4292 venturi
1193 4204 1343 4293 sunthffl'

219 4332 303 4396 inibi
336 4330 490 4396 laetitiam
512 4329 701 4415 pleniorem,
725 4329 896 4393 nobiseum
928 4329 1048 4406 velitis,
1072 4331 1100 4394 si
1134 4329 1271 4416 placeat,

219 4431 472 4519 praesentialiter
493 4431 659 4508 interesse,
675 4429 815 4496 feliciter
837 4436 872 4494 et
894 4431 952 4495 diu
976 4431 1111 4496 velituri
1134 4432 1170 4495 in
1186 4431 1271 4497 Filio

221 4534 370 4620 Virginis
392 4533 539 4599 illibata.

255 4780 262 4812 ¹
280 4797 312 4830 ee
323 4781 350 4830 iu
362 4779 420 4832 MS.
730 4781 735 4846 Ι
794 4781 805 4814 ¹
821 4779 965 4832 liberatione
976 4781 1003 4832 iu
1015 4782 1072 4834 MS.
