3444 5792
679 911 864 960 exornem.
1235 897 1300 965 417

250 1097 409 1180 quamdiu
444 1097 604 1163 moraturi
616 1121 624 1178 ;
660 1097 762 1176 vobis,
787 1099 827 1163 de
859 1099 953 1184 eujus
983 1099 1144 1164 fidelitate
1174 1104 1209 1163 et
1238 1100 1300 1165 eir-

250 1205 438 1284 cumspecta
470 1199 636 1264 industria
663 1205 786 1266 certam
819 1200 975 1266 fiduciam
1008 1201 1202 1278 obtinemus,
1225 1223 1300 1266 nos-

251 1305 340 1364 trum
363 1301 399 1365 in
422 1301 558 1367 civitate
582 1308 616 1366 et
640 1302 773 1367 dioecesi
797 1302 954 1366 Dunelmi
973 1302 1139 1367 Vicarium
1163 1303 1300 1368 facimus

251 1407 285 1465 et
305 1403 537 1468 constituimus
560 1410 672 1468 tenore
695 1403 910 1490 praesentium
927 1403 1139 1482 Generelem3
1162 1404 1298 1468 dantes¹

250 1505 345 1568 vobis
382 1512 579 1590 potestatem
620 1505 804 1591 plenariam
843 1505 962 1570 electos
1006 1527 1227 1590 quoscunque,
1266 1511 1301 1570 et

251 1626 363 1669 eorum
390 1606 572 1683 electiones,
596 1607 818 1685 examinandi,
841 1607 1050 1684 admittendi,
1075 1607 1299 1684 confirmandi,

250 1711 285 1770 et
318 1709 523 1794 expediendi,
562 1709 771 1793 praesentatis
809 1709 852 1773 ad
887 1709 1106 1775 ecclesiastica
1142 1709 1301 1774 beneficia

250 1807 378 1874 litteras
414 1811 642 1896 inquisitorias
681 1808 882 1876 concedendi
926 1810 1110 1896 cuicunque
1148 1812 1299 1896 episcopo

251 1909 430 1989 Oatholico
454 1913 497 1977 ad
523 1912 758 1977 conferendum
790 1911 921 1978 ordines
954 1912 1036 1976 viris
1069 1912 1230 1998 religiosis
1265 1918 1299 1978 et

250 2010 453 2078 beneficiatis
476 2019 598 2079 nostras
623 2014 773 2079 dioecesis
795 2014 932 2078 statutis
952 2036 973 2078 a
990 2015 1066 2098 jure
1088 2014 1300 2100 temporibus,

250 2115 468 2181 dedicandum
492 2117 620 2194 altaria,
645 2116 922 2182 reconciliandum
946 2116 1096 2181 ecclesias
1122 2122 1157 2181 et
1183 2139 1300 2182 coeme-

249 2218 341 2295 teria,
358 2219 618 2284 confirmandum
641 2219 774 2284 adultos
792 2224 828 2282 et
849 2239 976 2303 pueros,
992 2223 1191 2303 potestatem
1214 2241 1301 2284 com-

249 2321 405 2386 mittendi
444 2321 570 2387 clericis
608 2321 756 2387 oriundis
796 2321 836 2386 de
875 2321 967 2386 dicta
1004 2321 1146 2398 dioecesi,
1184 2321 1300 2387 titulos

249 2421 448 2488 sufficientes
479 2423 682 2488 habentibus
714 2423 751 2486 in
773 2422 880 2486 forma
911 2423 1076 2500 canonica,
1100 2423 1228 2488 litteras
1251 2423 1300 2487 di-

249 2524 425 2589 missorias·
459 2524 668 2601 concedendi,
710 2524 751 2588 de
797 2523 991 2589 criminibus
1037 2529 1071 2588 et
1115 2524 1301 2589 excessibus

249 2647 519 2712 quorumcunque
557 2627 766 2692 subditorum
804 2631 1002 2704 nostrorum,
1040 2626 1230 2692 clericorum
1267 2632 1302 2691 et

248 2728 415 2806 laicorum,
453 2728 682 2814 religiosorum
720 2733 755 2793 et
789 2727 987 2794 secularium
1024 2727 1223 2812 inquirendi,
1262 2750 1301 2794 ea

249 2830 441 2915 corrigendi,
468 2829 630 2915 puniendi
662 2835 697 2894 et
727 2828 936 2906 reformandi,
960 2849 1113 2914 personas
1137 2827 1300 2894 ecclesias-

248 2931 332 2996 ticas
347 2931 516 2996 demeritis
538 2932 607 2996 suis
630 2930 849 3016 exigentibus,
874 2931 910 2993 in
933 2930 1039 2994 forma
1059 2930 1145 3015 juris
1167 2952 1188 2995 a
1202 2931 1300 2994 bene-

248 3031 332 3098 ficiis
354 3031 553 3110 amovendi,²
574 3038 609 3098 et
631 3032 742 3097 omnia
764 3031 907 3096 faciendi
928 3053 1002 3116 quae
1025 3031 1111 3097 circa
1133 3032 1301 3116 praemissa

250 3141 437 3220 opportuna
468 3135 593 3200 fuerint
629 3133 822 3212 exercendi;
863 3133 1037 3198 collatione
1068 3132 1300 3198 beneficiorum

233 3237 439 3302 ·vacantium
456 3237 550 3320 [seu],
566 3241 800 3301 vacaturorum
822 3235 989 3300 occasione
1000 3233 1088 3318 juris
1104 3239 1299 3319 patronatus

253 3339 356 3403 nostri
373 3338 427 3403 vel
449 3360 508 3424 per
522 3338 652 3424 lapsum
675 3337 833 3423 temporis
855 3337 899 3402 ad
921 3336 1129 3402 collationem
1152 3343 1299 3402 nostram

248 3441 477 3526 spectantium,
491 3440 587 3506 nobis
601 3440 682 3526 ipsis
705 3440 935 3526 spectantium,
951 3439 1101 3504 totaliter
1115 3446 1299 3518 reservata;

249 3544 338 3608 vices
360 3548 489 3608 nostras
512 3543 749 3609 committimus
772 3563 846 3608 cum
873 3541 1050 3628 cujuslibet
1073 3541 1300 3608 coercitionis³

249 3645 413 3711 canonicae
435 3648 608 3730 potestate.

248 3859 456 3910 Noa-Contra
476 3875 520 3910 ne-
598 3845 767 3924 Ricardus,
791 3852 861 3924 etc,
878 3845 1008 3912 officiali
1032 3851 1146 3912 nostro
1169 3845 1297 3911 Dunol·
1310 3865 1354 3916 fol.
1367 3863 1448 3914 lest.

247 3925 406 4052 diffluet
433 3926 522 4043 {m
553 3949 668 4025 mensi,
716 3948 865 4025 salutem,
914 3954 974 4013 etc.
1037 3948 1134 4028 Quod
1175 3948 1297 4012 nostris
1310 3941 1466 4059 fflffl

247 4057 385 4107 avaritiam.
553 4051 688 4115 auribus
719 4051 814 4136 quasi
845 4049 953 4114 indies
984 4054 1019 4114 et
1054 4049 1209 4114 continue
1239 4070 1298 4133 per
1310 4082 1337 4125 ιο
1348 4076 1390 4124 his

247 4148 375 4214 validos
406 4150 677 4217 intermeantium
701 4151 858 4217 clamores
892 4150 1093 4215 inculcatum
1124 4155 1182 4227 est,
1217 4171 1297 4234 qua-
1309 4141 1412 4258 ἓξὲξ
1423 4213 1450 4256 to

247 4248 325 4313 liter
346 4251 491 4315 ministri
514 4253 628 4329 nostri,
655 4258 726 4318 tam
756 4253 792 4316 in
823 4251 1052 4337 spiritualibus
1084 4273 1182 4336 quam
1212 4257 1295 4316 tem·
1308 4273 1353 4323 the
1364 4271 1445 4339 negli-

248 4350 423 4434 poralibus,
448 4375 521 4438 quae
554 4375 615 4418 sua
648 4360 728 4418 sunt
762 4358 947 4439 quaerentes
978 4354 1101 4418 nostris
1131 4353 1297 4438 obsequiis
1309 4340 1453 4456 ffiffil

248 4451 409 4518 insistunt
429 4455 582 4541 segniter,
605 4456 747 4542 propriis
773 4455 940 4520 ferventer
962 4455 1151 4541 invigilant,
1175 4453 1448 4586 nostrispisminp-

1320 4553 1361 4588 01¹8
1372 4553 1404 4588 an

530 4632 539 4635 -
595 4632 606 4636 -
629 4631 724 4638 ψ-
741 4631 874 4636 -u-u-
901 4631 921 4634 --
941 4630 1294 4637 —--—---———----—
1310 4604 1404 4656 others.

282 4722 290 4755 ¹
308 4725 335 4774 A
357 4724 471 4776 bandis
488 4727 577 4778 drawn
597 4743 683 4778 across
705 4727 750 4778 the
830 4727 840 4758 ²
856 4727 1008 4778 anmrovendi
1019 4727 1046 4778 in
1054 4729 1110 4780 MS.

248 4801 356 4869 margin,
367 4801 466 4869 agdus
477 4803 534 4854 this.
829 4804 1007 4856 ΞεοΙιιενοίοηίε
1019 4806 1045 4855 in
1058 4806 1115 4858 MS.

336 4897 412 4947 vot.
437 4899 482 4948 1v.
1102 4903 1126 4950 D
1142 4904 1165 4952 D
