3444 5792
465 857 531 924 382
897 869 1082 920 uxorum

296 1045 732 1124 nu.1s1e.P0tq·t¹⁸‚00¹‚¹09ffl
808 1045 978 1122 Bimrdus,
997 1043 1209 1131 permissione
1236 1044 1362 1122 divine
1383 1043 1515 1110 Dunol·

296 1135 341 1186 Μ
355 1139 411 1188 ¹²⁴·
464 1119 732 1242 {ffffifffflffi
764 1147 886 1214 mensis
917 1146 1098 1233 episoopus,
1129 1146 1250 1214 dileoio
1280 1145 1350 1212 filio
1381 1147 1518 1213 domino

464 1243 563 1322 ψη,-
581 1243 731 1322 intempore
765 1300 772 1314 .
797 1301 804 1316 .
827 1301 834 1314 .
858 1247 964 1314 Priori
986 1253 1100 1314 nostro
1114 1247 1341 1326 Dunolmeusi,
1365 1248 1518 1325 sulutem,

463 1317 615 1426 {ffim
652 1324 732 1361 ’Μ’
764 1351 916 1440 gretiam,
938 1355 974 1416 et
995 1349 1266 1416 benedietiouem
1312 1349 1451 1416 Dudum
1474 1349 1519 1414 od

463 1455 705 1543 injungendum
719 1452 952 1542 poeuiteutium
974 1450 1132 1518 frutribus
1154 1451 1302 1518 iohanni
1324 1451 1366 1518 de
1388 1451 1519 1537 Huxby

464 1562 499 1622 et
535 1557 683 1623 Johmni
724 1555 765 1622 de
808 1553 984 1632 Dunolmo,
1018 1552 1188 1622 monentis
1223 1553 1329 1619 vestri
1366 1553 1519 1640 Capituli

463 1657 706 1737 Dunolmonsis‚
724 1678 784 1745 pro
806 1654 1006 1744 quibusdem
1020 1655 1209 1734 oommiseis,
1224 1675 1325 1741 super
1339 1655 1462 1740 quibus
1481 1655 1519 1720 in

463 1762 657 1828 visitatione
687 1765 801 1826 nostre
823 1759 912 1826 dioto
935 1757 1093 1844 capitulo
1114 1755 1290 1844 ²impouse
1310 1756 1445 1822 fuerent
1466 1778 1519 1824 ne-

464 1871 597 1932 servete
617 1861 802 1932 committi¹
817 1861 915 1928 nobis
928 1860 1146 1928 nihilominus
1160 1855 1324 1940 mutendi,
1338 1862 1520 1950 mitigandi

464 1966 545 2051 ipsis
567 1988 626 2052 por
647 1987 707 2032 vos
734 1963 968 2052 poenitentium
990 1961 1204 2048 infligendum
1226 1983 1248 2027 e
1268 1962 1365 2028 robis
1386 1968 1422 2028 et
1443 1964 1519 2049 qui·

463 2068 603 2134 busdem
617 2067 738 2134 vestris
760 2063 1001 2134 oommonnohis
1022 2063 1245 2130 commisimus
1266 2065 1356 2130 vises
1377 2069 1518 2142 nostres,

463 2191 587 2256 vosque
609 2169 734 2236 eisdem
755 2167 904 2234 Johmni
931 2171 967 2232 et
987 2165 1136 2233 Johmni
1157 2167 1247 2232 inter
1268 2171 1389 2234 oaetere
1410 2167 1519 2253 poeni·

463 2273 580 2340 tentiae
611 2294 736 2361 genere
772 2269 951 2358 cujuslibet
983 2274 1110 2356 quarte
1142 2267 1256 2336 feriae²
1293 2270 1330 2336 in
1368 2290 1455 2356 pune
1483 2275 1520 2336 et

462 2395 559 2461 nque,
582 2379 617 2442 et
647 2373 791 2462 potegio,
814 2377 910 2440 sexto
931 2392 1011 2438 vero
1043 2370 1127 2437 ferio
1147 2391 1233 2457 pene
1255 2376 1402 2458 stoque
1433 2373 1516 2438 dun-

462 2481 568 2555 teuet,
599 2497 704 2562 usque
735 2474 780 2540 ed
809 2479 937 2542 eertum
968 2477 1100 2559 tempus
1126 2472 1292 2558 jojrmium
1326 2473 1519 2555 indixistis;

463 2578 552 2644 unde
574 2598 634 2644 nos
656 2576 868 2644 attendentes
890 2575 1032 2661 rigorem
1062 2574 1110 2642 sie
1130 2594 1199 2640 non
1220 2596 1291 2640 esse
1317 2576 1518 2644 servendum

463 2679 598 2747 omnino
612 2679 649 2744 in
670 2677 777 2766 culpis
798 2676 1064 2764 delinquentium
1087 2675 1272 2763 puniendis,
1296 2678 1387 2764 quod
1409 2679 1518 2746 virtus

462 2781 692 2869 temperentiae
729 2779 926 2866 negligetur,
960 2778 1115 2844 volomus
1153 2783 1189 2844 et
1219 2778 1426 2846 deoernimus
1459 2803 1518 2867 por

463 2889 641 2970 praesentes
675 2887 715 2948 ut
751 2881 849 2950 dietis
882 2879 1032 2948 Johenni
1063 2885 1098 2946 et
1130 2879 1288 2959 Jobeuui,
1325 2881 1355 2948 si
1391 2883 1518 2969 praevie

463 2985 661 3052 oontrItiono
692 2983 729 3048 id
751 2981 941 3060 meruerint,
974 2980 1124 3068 quelibet
1146 2986 1266 3067 quarte
1298 2981 1383 3050 feris
1412 2984 1516 3070 ponis

463 3086 610 3164 cervisie.
637 3090 673 3152 et
703 3105 810 3150 unum
847 3082 1016 3163 ferculum,
1055 3087 1150 3150 sexte
1179 3103 1259 3150 vero
1295 3083 1380 3151 ferie
1412 3087 1516 3173 ponis,

463 3188 611 3266 cervisie,
638 3193 674 3254 et
704 3187 887 3274 potegium
910 3206 1015 3272 usque
1046 3185 1090 3251 od
1121 3185 1249 3256 dietum
1279 3191 1421 3274 tempus,
1452 3187 1515 3254 nisi

463 3290 648 3356 uberiorem
669 3289 813 3376 gretiam
835 3287 971 3354 interim
992 3307 1015 3353 e
1035 3287 1132 3354 nobis
1153 3287 1370 3367 obtinuerint,
1392 3289 1435 3354 de
1456 3311 1515 3358 (ω-

463 3395 534 3458 tero
556 3391 795 3456 ministrentur.
841 3388 1002 3470 Quooiroe
1022 3387 1118 3454 vobis
1140 3388 1338 3456 mundemus
1358 3391 1515 3476 quatinus

463 3492 536 3558 vise
567 3513 680 3558 eorum
711 3489 911 3558 contritione
944 3510 1004 3576 pro
1034 3489 1225 3568 commissis,
1247 3495 1396 3558 nostrum
1426 3492 1515 3560 miti-

462 3596 631 3684 gationem
664 3595 858 3683 praedioiem
889 3595 1023 3673 eisdem,
1057 3615 1133 3662 oum
1164 3615 1326 3662 oonsensu
1361 3595 1515 3683 Gepituli,

463 3697 650 3777 nuncietis3
671 3697 746 3764 eliis
768 3691 1013 3768 veruniumen³
1025 3695 1202 3782 gonoribus
1224 3697 1435 3782 poenitentioe
1460 3719 1516 3784 per

462 3821 523 3866 vos
554 3799 679 3866 eisdem
712 3797 850 3864 inflictis
882 3796 993 3864 edhuo
1023 3797 1062 3862 in
1095 3819 1156 3864 suo
1187 3797 1304 3864 robore
1341 3799 1513 3866 duraturis.

465 3901 642 3980 Caeterum,
664 3900 836 3966 dominum
867 3900 1053 3969 Robertum
1076 3900 1118 3966 de
1148 3899 1307 3986 Birteley,
1330 3900 1514 3968 Joheuneu

464 4005 505 4070 de
517 4003 681 4089 Berueby,
697 4006 734 4068 et
748 4001 841 4079 elios,
856 3999 962 4087 quos⁴
976 4021 1085 4088 nuper
1098 4001 1143 4068 od
1157 4001 1354 4068 mundatum
1368 4007 1515 4070 nostrum

464 4107 555 4194 opud
576 4105 780 4172 Dunelmum
800 4103 953 4183 vocastis,
968 4109 1003 4170 et
1018 4103 1077 4190 qui
1095 4102 1222 4170 ibidem
1241 4124 1368 4170 morem
1382 4105 1513 4182 feoiunt

463 4211 615 4274 nostrum
644 4205 888 4292 benepleeitum
922 4207 1145 4291 expectentes,
1179 4205 1246 4290 [ut]
1280 4225 1340 4292 per
1371 4210 1514 4272 vestrum

465 4309 733 4380 oertifieetorium
757 4306 859 4374 uobis
890 4305 970 4374 inde
1002 4307 1180 4379 directum.
1198 4305 1296 4392 plene
1317 4313 1458 4388 constet,
1479 4312 1517 4373 ut

466 4411 550 4479 oitro
565 4410 692 4479 Pesohe
706 4431 741 4476 se
763 4413 897 4497 perotus
913 4407 1104 4490 exhibeant.
1121 4409 1357 4479 comestionem
1371 4415 1515 4479 nostram

501 4705 900 4776 ¹impsnse...oommitti.
934 4707 969 4762 so
1047 4707 1360 4772 'sommium

467 4789 494 4841 in
504 4790 571 4852 MS„
581 4791 628 4841 but
638 4786 830 4855 uniutelligiblo.
1047 4785 1058 4820 ⁸
1074 4785 1155 4852 quiin
1165 4787 1222 4840 MS.
