3444 5792
645 900 832 952 exoraris.
1200 887 1266 950 413

215 1088 455 1173 comperuimus
486 1089 521 1152 in
544 1089 742 1173 quibusdam
764 1087 845 1154 locis
876 1087 1126 1172 discoopertum,
1150 1106 1266 1170 procu-

216 1191 317 1255 ratori
341 1189 475 1256 rectoris
509 1191 656 1276 ejusdem
688 1191 750 1256 sub
781 1195 871 1256 certa
902 1211 1000 1275 poena
1032 1189 1119 1252 infra
1141 1193 1267 1253 certum

216 1292 395 1358 terminum
426 1312 577 1377 reparare
608 1291 819 1357 meminimus
849 1291 1043 1376 injunxisse,
1068 1290 1156 1375 quod
1179 1290 1268 1354 dicto

215 1399 424 1479 procuratore
440 1393 527 1457 infra
542 1392 681 1458 eundem
699 1393 878 1458 terminum
895 1393 990 1477 [non]
1006 1391 1155 1469 faciente,
1169 1411 1269 1476 poena

217 1497 330 1561 eadem
355 1501 405 1560 est
427 1496 619 1560 commissa:
647 1495 736 1558 unde
758 1494 912 1558 volumus
935 1499 983 1571 ut,
999 1493 1128 1558 rimatis
1150 1492 1268 1572 rotulis

217 1599 343 1675 vestris,
367 1598 396 1662 si
426 1597 532 1683 ipsam
564 1619 695 1683 poenam
727 1595 935 1660 invenieritis
962 1617 1031 1660 esse
1054 1593 1267 1672 commissam,

217 1721 289 1765 eam
312 1700 425 1778 levari,
450 1699 520 1764 sine
543 1721 643 1764 morae
666 1699 848 1784 dispendio,
872 1697 1010 1762 faciatis.

262 1802 306 1866 Et
329 1803 408 1887 quia
429 1801 580 1866 nonnulli
611 1806 821 1866 murmurant
851 1821 909 1886 pro
932 1821 970 1864 eo
997 1799 1084 1885 quod
1112 1821 1172 1864 nec
1193 1798 1268 1862 hos-

217 1904 365 1989 pitalitas
387 1905 424 1968 in
447 1904 537 1968 dicta
559 1909 692 1968 tenetur
725 1902 867 1979 ecclesia,
890 1923 952 1967 nec
974 1902 1014 1966 de
1047 1901 1142 1966 bonis
1165 1901 1268 1987 ipsius

217 2005 417 2091 pauperibus
447 2005 655 2081 succurritur,
679 2009 739 2070 aut
769 2004 881 2089 aliqua
910 2003 1127 2090 eleemosyna,
1149 2009 1189 2068 ut
1212 2004 1269 2068 de·

217 2115 311 2184 caret,
338 2107 378 2172 fit
408 2107 495 2172 infra
525 2106 714 2192 parochiam
745 2105 977 2191 supradictam,
1011 2105 1105 2170 vobis
1132 2105 1269 2170 manda-

216 2231 290 2273 mus
321 2208 479 2293 quatinus
510 2207 713 2294 procuratori
747 2207 913 2292 praedicto,
945 2212 984 2272 ut
1017 2207 1162 2292 aliquam
1195 2227 1270 2291 por-

216 2311 400 2376 tiunculam
424 2309 563 2396 singulis
586 2311 682 2375 annis
705 2309 746 2374 de
769 2309 983 2374 facultatibus
1006 2309 1110 2394 ipsius
1125 2309 1269 2374 ecclesiae

217 2413 416 2498 pauperibus
454 2411 661 2497 parochianis
706 2410 894 2488 distribuat,
937 2412 999 2474 sub
1036 2433 1137 2496 poena
1180 2415 1270 2476 certa

216 2515 360 2580 levanda
396 2513 550 2598 quotiens
588 2513 623 2577 id
662 2513 788 2578 servari
824 2535 893 2578 non
930 2513 1117 2600 contigerit,
1156 2513 1269 2598 injun-

217 2617 312 2704 gatis.

262 2720 362 2785 Porro
394 2719 536 2784 decimas
570 2739 731 2784 novorum
770 2725 970 2784 assertorum
1004 2719 1040 2782 in
1078 2719 1175 2784 terris
1213 2719 1270 2783 dc·

217 2821 300 2885 mini
338 2820 477 2885 Waltcri
512 2821 553 2885 de
585 2819 826 2906 Wessingtcne,
856 2821 958 2904 juxta
993 2819 1092 2898 Shad,
1127 2843 1148 2886 a
1181 2820 1271 2886 dicta

218 2924 352 2990 ecclesia
374 2944 455 2989 sana
485 2923 685 2989 conscientia
715 2945 783 2988 non
813 2923 962 2988 valentes
993 2923 1149 3000 detinere,
1181 2923 1270 2988 dicto

217 3029 419 3113 procuratori
442 3031 588 3091 nostram
616 3025 856 3110 eleemosynam
887 3031 1022 3110 propter
1044 3025 1106 3090 hoc
1128 3047 1269 3110 congrue

218 3131 376 3215 respicere
403 3129 622 3215 promittenti,
649 3133 689 3192 ut
720 3127 851 3192 easdem
886 3127 927 3192 de
960 3141 1078 3193 caetero
1110 3128 1271 3213 percipiat

218 3231 351 3317 pacifice
389 3231 607 3297 concessimus
643 3229 795 3315 gratiose.
861 3228 1020 3308 Quocirca
1051 3229 1204 3294 volumus
1236 3235 1271 3294 ct

219 3334 422 3410 mandamus,
446 3333 534 3418 quod
565 3332 680 3396 habito
710 3337 857 3397 tractatu
888 3353 963 3397 curn
993 3333 1131 3417 praefato
1154 3354 1269 3418 procu-

219 3440 325 3501 ratore
348 3435 389 3500 de
405 3435 593 3520 quantitate
608 3455 675 3518 qua
698 3439 844 3498 nostram
860 3433 1100 3519 eleemosynam
1124 3435 1271 3499 intendit

219 3539 386 3623 respicere,
409 3559 448 3602 ac
470 3558 509 3601 ea
530 3541 663 3621 recepta
692 3535 901 3622 integraliter
931 3537 973 3600 ab
996 3537 1120 3614 eodem,
1143 3537 1198 3602 vel
1220 3559 1271 3602 re·

220 3644 315 3724 cepta
352 3658 497 3722 congrua
534 3637 686 3702 cautione
725 3637 765 3701 de
803 3637 961 3702 solvendo
999 3659 1070 3702 eam
1105 3639 1148 3702 ad
1181 3639 1270 3703 diem

220 3763 317 3826 quem
340 3741 502 3806 duxeritis
525 3739 748 3815 statuendum,
771 3739 881 3825 ipsum
904 3739 1009 3804 dictas
1032 3741 1174 3806 decimas
1197 3763 1270 3826 per-

219 3843 327 3928 cipere
361 3849 396 3907 et
428 3842 557 3917 habere,
591 3863 629 3906 ac
660 3841 697 3904 in
730 3861 810 3904 usus
843 3861 919 3906 suos
953 3847 1152 3918 convertere,
1184 3843 1270 3908 sicut

219 3943 300 4010 alias
323 3944 364 4010 de
387 3943 541 4030 parochia
562 3943 664 4008 libere
687 3943 897 4028 permittatis.

220 4219 261 4269 Dc
310 4215 451 4267 usamenri
530 4163 699 4240 Ricardus,
738 4163 950 4249 permissione
982 4163 1105 4240 divina,
1144 4163 1270 4228 Dunel.
1283 4171 1328 4222 fol.
1343 4170 1421 4223 155⁶,

220 4291 382 4334 executorem
405 4283 452 4331 im·
485 4267 606 4332 mensis
649 4267 826 4352 episcopus,
866 4265 1002 4340 dilecto
1022 4265 1098 4344 filio,
1140 4265 1270 4332 officiali
1283 4249 1418 4366 gilli&

219 4351 369 4414 perimente
484 4375 597 4434 nostro
628 4367 851 4444 Dunelmensi,
883 4367 1032 4444 salutem,
1062 4368 1212 4454 gratiam,
1236 4373 1271 4433 et
1284 4331 1354 4432 eoque
1365 4325 1439 4433 idida

219 4475 488 4541 benedictionem.
534 4472 641 4536 Adam
675 4471 715 4535 de
741 4471 966 4556 Derlingtone,
990 4475 1070 4535 nato
1105 4471 1270 4556 quondam
1284 4450 1406 4578 ffiae‘flff

220 4577 385 4641 Anabillae
423 4573 607 4651 Redehode,
646 4571 879 4648 intelleximus,
918 4577 1139 4657 conquerente
1183 4573 1270 4657 quod
1284 4581 1407 4645 ingsofa

219 4679 298 4744 licet
320 4678 410 4743 dicta
432 4674 587 4741 Anabilla
617 4695 748 4760 compos
774 4673 895 4738 mentis
926 4693 1023 4736 suum
1054 4673 1175 4738 fecerat
1206 4679 1270 4738 tes-
1285 4663 1386 4765 {ssffi'

219 4787 414 4858 tomentum,
446 4784 481 4844 et
518 4777 558 4842 de
596 4775 691 4841 bonis
721 4775 790 4840 suis
827 4779 926 4860 prout
955 4773 1082 4860 placuit
1119 4773 1271 4842 ultimam
