3444 5792
472 855 538 919 432
908 865 1093 915 exosam.

470 1053 640 1119 Johannes
663 1075 705 1119 ex
728 1059 823 1139 parte
849 1060 962 1118 nostra
992 1054 1121 1120 litteras
1162 1074 1237 1118 suas
1268 1052 1366 1116 nobis
1408 1051 1534 1126 mittit,

470 1177 666 1239 quaesumus‚
702 1155 813 1220 velitis
845 1154 1019 1220 efficaciter
1050 1155 1201 1220 insistere
1234 1177 1311 1219 cum
1347 1152 1534 1239 diligentia

469 1261 504 1321 et
537 1256 758 1322 sollicitudine
781 1257 1024 1346 circumspecta
1048 1258 1129 1322 adeo
1164 1257 1252 1342 quod
1273 1255 1370 1322 vobis
1403 1254 1533 1320 exinde

467 1359 510 1423 ad
533 1359 698 1445 condigna
718 1359 855 1444 praemia
877 1360 983 1424 artius
1005 1358 1196 1444 obligemur.

512 1461 567 1525 Ad
600 1460 662 1526 hoc
695 1483 802 1547 nuper
834 1460 950 1524 habito
984 1482 1136 1546 processu
1170 1482 1228 1546 par
1257 1481 1318 1525 nos
1349 1481 1395 1524 ex
1420 1457 1533 1523 officio

466 1567 582 1627 contra
612 1562 784 1627 dominum
807 1561 943 1628 Petrum
975 1562 1016 1628 de
1050 1561 1202 1638 Carnam,
1226 1563 1394 1648 quondam
1420 1566 1533 1626 recto·

467 1685 536 1729 rem
560 1663 674 1730 Sancti
697 1663 852 1730 Nicholai
885 1664 921 1727 in
944 1664 1082 1730 civitate
1104 1669 1218 1730 nostra
1239 1664 1399 1728 Dunelmi
1424 1685 1533 1750 super

466 1767 642 1851 compertis
674 1771 789 1832 contra
823 1788 898 1831 eum
931 1766 968 1830 in
991 1766 1191 1832 Visitatione
1223 1771 1345 1842 nostra,
1367 1766 1488 1852 ipsum
1510 1787 1532 1830 a

466 1869 606 1954 praefata
638 1869 783 1945 ecclesia,
810 1869 963 1954 exigente
982 1868 1126 1954 justitia,
1156 1867 1400 1933 sententialiter
1424 1868 1531 1932 duxi-

465 1992 540 2034 mus
563 1970 787 2036 amovendum
798 1969 827 2050 ;1
849 1971 917 2056 qui,
933 1977 973 2034 ut
995 1971 1161 2048 asseritur,
1184 1970 1227 2034 ad
1243 1969 1361 2035 Sedem
1377 1971 1529 2055 Aposto-

466 2071 564 2138 licam
587 2073 778 2158 appellavit,
803 2078 838 2137 et
870 2073 1050 2136 terminum
1073 2073 1220 2158 praefixit
1241 2072 1336 2136 nobis
1371 2073 1408 2135 in
1434 2073 1531 2138 dicta

467 2171 569 2237 Curia
591 2175 627 2237 in
657 2174 801 2238 crastino
836 2173 951 2238 Sancti
983 2173 1147 2237 iohannis
1180 2173 1341 2258 Baptistae
1369 2175 1530 2258 proximo

462 2275 534 2360 jam
557 2281 716 2355 venturo;
738 2275 796 2340 sed
819 2274 1075 2360 appellationem
1098 2281 1132 2340 et
1154 2275 1383 2360 praefixionem
1405 2275 1529 2360 hujus-

466 2376 556 2440 modi
578 2377 674 2441 nobis
696 2377 844 2462 legitima
866 2397 934 2441 non
949 2375 1144 2453 notificavit,
1159 2397 1220 2440 nec
1242 2377 1363 2442 scimus
1386 2377 1414 2440 si
1439 2377 1528 2442 velit

466 2479 619 2564 prosequi
635 2483 750 2543 eontra
773 2500 834 2543 nos
856 2479 893 2542 in
914 2479 1007 2544 curia
1022 2484 1219 2558 memorata;
1241 2479 1299 2544 sed
1322 2501 1383 2564 pro
1397 2486 1527 2544 eventu

467 2581 704 2664 prosecutionis
730 2581 931 2665 hujusmodi,
956 2583 984 2646 si
1007 2581 1078 2646 fieri
1102 2583 1282 2667 contingat
1305 2603 1366 2646 vos
1389 2587 1424 2646 et
1452 2583 1527 2646 Ma-

467 2682 608 2766 gistrum
624 2681 806 2746 Robertum
822 2683 863 2746 de
878 2682 1091 2768 Dunebrigge
1106 2688 1235 2747 nostros
1258 2683 1294 2746 in
1317 2682 1409 2747 dicta
1423 2704 1527 2748 causa

468 2784 700 2849 constituimus
722 2790 955 2868 procuratores,
979 2790 1014 2848 et
1044 2784 1306 2870 procuratorium
1329 2784 1523 2870 hujusmodi

468 2885 563 2950 vobis
586 2886 751 2950 mittimus
774 2907 849 2950 cum
866 2887 1079 2972 praesentium
1101 2888 1268 2972 portitore,
1285 2907 1353 2970 quo
1376 2888 1522 2951 utamini

470 2989 532 3072 [in]
557 2987 745 3052 defensione
768 2993 889 3064 nostra,
906 3009 980 3053 cum
1004 3009 1135 3054 necesse
1157 2989 1266 3065 fuerit,
1289 2989 1379 3054 siout
1401 2989 1522 3054 melius

469 3091 626 3155 videbitis
648 3091 810 3176 expedire.

299 3303 344 3354 rot
359 3306 416 3354 1⁷1.
469 3303 571 3353 Licere
586 3301 735 3380 gratiarum,
814 3290 1001 3356 Venerabili
1031 3292 1068 3355 in
1095 3291 1227 3358 Christo
1250 3292 1351 3370 Patri,
1376 3293 1521 3357 Domino

298 3380 436 3506 ffiffi
468 3383 735 3496 ssgffitalssmffffi
769 3393 907 3479 Hugoni
939 3393 1084 3473 Geraldi,
1121 3393 1184 3460 Dei
1214 3395 1331 3480 gratia,
1366 3395 1519 3480 episeopo

300 3513 425 3562 &enom
469 3501 601 3552 credentia
770 3493 988 3572 Cartureensi‚
1005 3496 1131 3560 domini
1154 3497 1258 3561 nostri
1278 3497 1411 3576 Summi
1435 3496 1520 3562 Pon-

298 3579 446 3696 {fflhw
467 3598 566 3663 tificis
589 3597 831 3674 Referendario,
847 3619 926 3661 suus
949 3597 1119 3674 Ricardus,
1142 3603 1212 3674 etc,
1235 3598 1377 3662 salutem
1400 3603 1436 3662 et
1451 3599 1519 3662 sin-

299 3713 438 3776 pope’rra
467 3721 549 3765 eerae
572 3699 726 3764 beternae
750 3699 935 3765 dilectionis
959 3699 1154 3765 continuum
1177 3700 1427 3765 incrementum.
1467 3701 1518 3765 De

299 3777 440 3845 marl·
467 3801 607 3867 assiduis
634 3799 801 3865 laboribus
823 3801 894 3884 [et],
922 3799 1144 3865 sollicitudine
1169 3801 1407 3888 circumspecta
1431 3803 1519 3866 circa

468 3904 713 3990 expeditionem
729 3903 965 3988 [negotiorum]
989 3923 1049 3967 nos
1072 3908 1106 3966 et
1128 3902 1296 3968 ecclesiam
1311 3902 1518 3968 Dunolmen·

467 4029 537 4071 sem
559 4003 769 4092 tangentium
792 4004 828 4066 in
844 4003 995 4068 Romana
1010 4003 1113 4069 Ouria
1127 4027 1186 4090 per
1208 4025 1267 4069 vos
1283 4004 1517 4090 multipliciter

467 4109 633 4195 impensis,
651 4111 685 4171 et
707 4105 854 4191 puritate
868 4105 1053 4170 affectionis
1069 4127 1168 4191 quam
1191 4127 1269 4192 erga
1283 4128 1344 4170 nos
1365 4113 1401 4172 et
1416 4107 1517 4172 eccle-

468 4213 551 4278 siam
573 4213 719 4275 nostram
736 4207 929 4292 praedictam
952 4208 1126 4272 caritative
1148 4209 1270 4294 geritis,
1287 4209 1382 4274 vobis
1405 4217 1517 4296 grates

468 4318 502 4377 et
524 4311 656 4398 gratias,
673 4308 786 4395 quales
801 4314 835 4372 et
858 4313 999 4392 quantas
1022 4329 1204 4395 possumus,
1219 4309 1391 4374 referimus
1413 4314 1517 4397 speci·

467 4413 543 4492 ales,
560 4413 678 4478 devote
693 4410 916 4496 supplicantes
932 4411 1090 4495 quatinus
1105 4411 1311 4476 affectionem
1325 4411 1517 4498 hujusmodi

834 4655 840 4687 ¹
859 4654 1040 4706 conserendam
1051 4655 1077 4706 in
1089 4655 1146 4707 MS.
