3468 6120
665 898 850 948 sernumx.
1220 889 1284 954 485

234 1079 343 1147 which
359 1081 388 1148 it
409 1083 437 1147 is
452 1084 588 1150 writben
602 1086 631 1150 is
646 1087 744 1154 much
767 1087 884 1154 earlier
899 1088 935 1152 in
950 1090 1027 1155 debe
1042 1090 1126 1156 than
1141 1090 1193 1156 his
1208 1112 1285 1156 own

235 1183 324 1251 lime.
370 1187 412 1250 In
435 1187 480 1252 all
505 1189 716 1276 probability,
743 1191 955 1279 Wessington
982 1193 1164 1279 purchased
1186 1195 1215 1260 it
1246 1201 1281 1260 to

233 1409 280 1458 snb
300 1408 467 1462 instrumento
484 1412 611 1464 autentico
627 1414 674 1464 sub
685 1413 736 1481 sig·
781 1431 831 1480 qua
842 1415 963 1481 dignitate
981 1416 1068 1466 scribit
1085 1418 1155 1468 Beda
1166 1418 1207 1468 De
1220 1419 1284 1469 Ges-

233 1485 272 1536 nis
283 1487 359 1538 trium
370 1491 531 1542 notariorum.
780 1494 812 1544 tis
824 1495 968 1561 Anglorum
979 1495 1018 1546 li⁰.
1029 1501 1067 1556 ⁴⁰,
1078 1511 1133 1560 cap.
1147 1501 1201 1557 2⁵⁰,
1212 1508 1237 1547 et
1255 1496 1283 1546 in

267 1567 342 1626 Item,
360 1569 439 1634 Super
457 1570 515 1632 jure
535 1580 559 1621 et
578 1571 735 1637 possessione
779 1571 879 1622 Libello
896 1573 935 1624 De
955 1573 1017 1624 Vita
1037 1573 1124 1626 Sancti
1143 1575 1289 1636 cuthberti,-

233 1645 343 1696 babendi
387 1648 577 1701 dimidiaciones
622 1650 734 1700 omnium
778 1657 845 1714 cap⁰.
859 1656 910 1703 1⁶⁰.

233 1726 490 1790 amerciamentornm,
503 1729 601 1794 linium,
611 1731 737 1796 exituum,
812 1729 886 1790 Item,
919 1732 1045 1781 Tabulam
1080 1747 1155 1796 super
1189 1731 1282 1783 Libros

233 1805 260 1852 et
281 1790 496 1872 quorumcumque
511 1809 680 1873 proficuarum
702 1811 734 1860 de
780 1807 891 1858 claustri
904 1815 930 1859 et
946 1809 1082 1870 Libraria3
1100 1809 1186 1874 inqua
1201 1811 1282 1874 primo

234 1883 378 1934 tenentibus
390 1884 597 1948 priorisincnria
614 1888 734 1952 episcopi.
779 1893 898 1936 notantur
917 1897 980 1952 quot
1007 1895 1032 1938 et
1059 1904 1115 1953 quse
1147 1897 1205 1940 sunt
1228 1891 1283 1940 Ex·

234 1959 550 2032 Botulumsatialougum.
779 1965 918 2030 positiones
951 1983 1026 2032 super
1060 1967 1137 2018 libros
1182 1967 1282 2028 Bibba,

268 2041 342 2102 Item,
360 2043 437 2103 Quod
448 2043 515 2108 prior
533 2047 642 2109 gaudere
659 2047 735 2096 debet
777 2045 854 2107 juxta
861 2045 975 2095 ordinem
991 2047 1127 2096 eorundem
1141 2067 1147 2098 :
1169 2049 1282 2098 secundo

234 2120 309 2170 terris
320 2120 346 2170 in
357 2123 480 2173 culturam
493 2129 520 2174 ot
538 2133 638 2188 pratum
649 2127 734 2176 redac-
779 2131 908 2188 ponuntur
951 2125 1024 2174 Libri
1070 2125 1220 2187 Doctorum,
1255 2135 1282 2176 et

235 2199 267 2248 tis
283 2198 310 2248 in
330 2199 549 2268 Spennynpmooa
566 2205 660 2268 absque
679 2221 735 2268 per-
780 2201 806 2250 in
830 2201 921 2266 quibus
940 2201 1108 2254 voluminibus
1128 2213 1188 2253 sunt
1211 2219 1281 2266 repe-

237 2278 385 2328 tnrbacione
402 2281 544 2330 tenencium
557 2281 674 2331 villarum
692 2284 734 2332 ad-
779 2279 867 2330 riendi.

233 2356 381 2419 jacentium.
813 2359 885 2418 Item,
909 2359 959 2409 Pro
979 2361 1037 2423 jure
1060 2358 1196 2425 recipiendi
1214 2358 1281 2409 deci-

270 2436 343 2494 Item,
355 2436 430 2497 Quod
438 2437 556 2489 homines
576 2438 735 2503 episcopatus
780 2452 847 2486 mam
883 2453 986 2502 scopam
1024 2439 1163 2488 carbonum
1199 2436 1281 2501 campi

236 2516 410 2566 Dunslmeasia
433 2517 505 2568 liberi
528 2519 611 2570 forent
633 2535 649 2569 a
671 2521 736 2570 solu-
780 2517 811 2564 de
854 2517 955 2574 mee,
988 2517 1110 2566 adversuss
1144 2513 1281 2565 Riffldllm

236 2594 310 2646 cione
330 2595 434 2645 subsidii
452 2598 555 2648 domino
566 2599 621 2664 regi
642 2599 735 2652 virtute
781 2594 900 2645 Gowhird
918 2594 958 2643 vel
978 2593 1040 2645 alios
1058 2594 1085 2643 in
1105 2609 1182 2643 causa
1199 2590 1282 2642 consi-

203 2732 207 2749 Ι
233 2674 355 2724 libertatis
366 2691 426 2725 suoe.
780 2673 841 2722 mili.

203 2752 206 2794 Ι
267 2753 341 2814 Item,
358 2754 409 2803 Pro
427 2756 484 2818 jure
504 2755 569 2820 regis
587 2757 690 2824 Angliae
709 2757 736 2808 in
814 2754 889 2814 Item,
919 2753 995 2814 Quod
1022 2751 1091 2816 prior
1120 2754 1278 2804 sludcncium

236 2849 314 2900 regno
333 2833 437 2895 Scocioe,
455 2843 481 2886 et
500 2837 611 2888 maxime
631 2837 658 2888 in
670 2845 736 2890 tem
780 2847 831 2882 non
842 2833 920 2883 habet
930 2831 1051 2882 interesse
1063 2831 1089 2880 in
1101 2831 1207 2898 collegio
1224 2848 1281 2882 nos-

234 2913 299 2963 inter
321 2929 390 2964 mare
419 2914 548 2966 Scotieum
571 2925 597 2966 et
619 2918 736 2969 Twedam
780 2914 976 2974 troOxouiensi,
984 2929 1015 2964 aa
1025 2913 1125 2963 racione
1133 2917 1202 2978 quod
1213 2915 1282 2978 priua

234 2999 363 3053 contenta,
374 3009 430 3058 quse
449 3009 494 3058 per
510 3003 637 3046 trecentm
656 3013 736 3048 annos
780 3000 834 3044 erat
845 2993 914 3057 prior
925 2995 950 3043 in
962 2992 1030 3042 dicto
1042 2993 1098 3042 loco
1108 2999 1195 3043 nostro
1207 3009 1281 3057 quam

235 3070 304 3134 prius
321 3078 375 3122 erat
396 3073 423 3121 in
446 3073 604 3137 possessione
628 3077 657 3137 (i
680 3077 736 3126 An·
780 3079 834 3123 erat
853 3080 951 3122 creatus
973 3070 1064 3135 aliquis
1086 3070 1156 3135 prior
1178 3073 1280 3122 studen-

235 3148 348 3212 glornm)
367 3165 444 3214 qnam
464 3151 626 3210 Scottorum
644 3152 735 3204 librum
780 3150 854 3200 cium.

234 3243 320 3277 unum
813 3229 887 3290 Item,
920 3229 972 3278 Pro
1005 3227 1110 3278 diversis
1143 3228 1282 3280 redditibus

267 3306 342 3368 Item,
371 3307 423 3358 Pro
451 3307 610 3360 funeralibus
637 3310 735 3376 episco-
779 3307 894 3358 burserio
924 3314 949 3356 et
972 3307 1146 3359 communario
1166 3307 1191 3356 in
1212 3308 1282 3358 Lnd-

234 3400 325 3450 porum
336 3387 516 3438 decedeucium
527 3389 656 3441 habendis
778 3387 868 3437 worth.

268 3466 342 3528 Item,
353 3467 428 3528 Quod
438 3467 536 3532 injusta
546 3468 579 3518 sit
595 3469 735 3520 subtraccio
813 3465 888 3525 Item,
925 3463 1022 3516 Contra
1055 3471 1165 3516 meteres
1198 3466 1278 3517 eccle·

236 3545 313 3595 unius
324 3560 416 3596 maresc
433 3561 479 3610 per
499 3546 623 3610 majorem
639 3555 665 3598 et
682 3547 736 3597 bal-
781 3544 873 3596 siarum
885 3547 916 3594 de
933 3551 1069 3608 patronatu
1076 3543 1167 3608 prioris
1180 3555 1205 3596 et
1213 3546 1282 3610 capi-

235 3623 301 3674 liros
317 3623 385 3674 villa
404 3623 473 3674 Novi
493 3624 575 3676 castri
593 3627 625 3676 de
644 3626 736 3676 elemo-
781 3623 828 3674 tuli
840 3623 1283 3676 DunelmenaisinHouedensbiret

238 3701 374 3767 sluaregis
392 3718 512 3754 concessa
523 3703 655 3754 monachis
670 3705 737 3768 apud
782 3702 969 3764 Aluertonabir,
995 3711 1134 3754 asserentes
1163 3703 1282 3754 ecclesias

236 3781 389 3831 Fameland.
782 3796 842 3832 snas
853 3787 967 3830 onerates
979 3795 1034 3830 ease
1045 3780 1137 3830 annuis
1154 3781 1281 3846 pensioni·

269 3861 406 3923 Item,Pro
421 3861 480 3923 jure
492 3860 579 3924 prioris
595 3859 737 3912 installandi
782 3861 830 3909 bus
849 3857 924 3908 dictis
946 3857 1022 3921 priori
1049 3865 1076 3908 et
1094 3858 1205 3922 capitulo
1225 3875 1282 3924 per·

236 3939 366 3990 dominnm
402 3939 547 4004 episcopum
581 3940 737 3992 Dunelmen-
783 3936 910 3988 solvendis
935 3935 1037 3986 racione
1052 3936 1239 3999 jurisdiccionis
1256 3945 1282 3987 et

236 4033 298 4078 sem,
309 4035 366 4068 cum
378 4017 509 4084 contingit
783 4017 838 4079 ejus
855 4014 980 4066 exercicio
996 4015 1024 4064 in
1043 4013 1116 4065 dietis
1133 4015 1185 4065 suis
1202 4017 1281 4066 eccle-

270 4097 343 4158 Item,
387 4096 589 4148 Declarationcm
634 4099 737 4149 domino
782 4094 825 4144 siis
853 4109 899 4159 per
924 4093 992 4157 ipsos
1020 4101 1130 4144 rectores
1158 4094 1226 4144 clero
1255 4102 1282 4144 et

236 4176 342 4226 Thomas
359 4175 474 4242 langley
500 4176 664 4227 Dunelmensi
685 4177 737 4241 epi·
780 4173 875 4238 populo
885 4172 1022 4222 comdant
1033 4174 1220 4232 exemendlaet
1231 4188 1283 4222 non

237 4255 565 4319 soopoetsuoconailioin
581 4253 680 4318 scriptis
693 4271 736 4306 ex-
781 4268 826 4316 per
837 4251 946 4316 priorem
963 4259 989 4300 et
1008 4250 1148 4312 capitulum
1170 4251 1282 4301 antedie-

236 4333 350 4396 hibitam,
371 4336 438 4399 quod
462 4335 531 4400 prior
552 4334 629 4384 habet
651 4333 736 4384 omnia
781 4337 829 4380 tos.

234 4415 302 4478 lura,
315 4413 406 4475 officia,
423 4413 571 4480 dignitates,
587 4421 613 4464 et
628 4414 735 4464 bonores
815 4409 891 4468 rtem,
908 4407 1095 4471 Reflll⁰²¹⁸50¹¹tl³
1114 4407 1146 4456 Μ
1168 4407 1283 4471 querela!

237 4492 345 4554 abbatis,
363 4495 411 4542 sub
436 4492 537 4542 nomine
557 4491 654 4556 prioris,
671 4491 737 4542 inira
780 4488 913 4540 homiuum
934 4486 1000 4536 villae
1019 4484 1085 4535 Nori
1105 4485 1189 4536 castri
1207 4501 1284 4551 super

238 4570 370 4622 ecclesiam
389 4571 589 4621 Dunelmensem
609 4575 634 4620 et
655 4577 736 4628 extra,
781 4567 932 4632 quibusdam
952 4563 1131 4616 exactionibus
1150 4579 1196 4629 per
1213 4563 1283 4630 ipsos

237 4651 376 4700 secundum
396 4649 524 4713 antiquam
535 4647 684 4715 dignitatem
692 4649 736 4697 ab·
781 4645 865 4710 petitis
882 4645 907 4694 in
930 4643 990 4694 villo
1011 4643 1044 4693 de
1065 4643 1231 4694 Southsheles
1255 4653 1280 4696 et

238 4728 304 4780 batis
321 4727 433 4780 ecclesia
449 4725 682 4785 Lindisiarnensis3
705 4727 737 4776 de
784 4723 886 4774 australi
899 4730 970 4786 parte
981 4737 1053 4787 aqua
1065 4723 1097 4772 de
1108 4724 1189 4788 Tyna.
