3444 5792
655 917 840 968 exesam.
1210 903 1275 967 429

227 1103 299 1170 Deo
322 1105 488 1192 placidum
522 1104 669 1192 impendi
703 1109 895 1190 reputamus
933 1101 1136 1186 obsequium,
1168 1107 1203 1167 et
1234 1102 1277 1166 ad

227 1207 315 1271 idem
337 1207 419 1272 alios
442 1205 614 1272 efficaciter
636 1205 821 1282 excitando,
837 1211 872 1269 et
893 1203 956 1268 hoc
970 1203 1126 1268 honorem
1149 1203 1278 1290 agentis

227 1328 294 1372 non
316 1301 524 1374 mediocriter
546 1307 783 1392 augumentari.

273 1408 358 1474 Cum
390 1410 494 1496 igitur
531 1409 622 1474 Secti
654 1408 794 1473 innata1
836 1407 977 1474 faciente
1012 1428 1086 1492 quae
1130 1406 1278 1471 nesciens

228 1511 348 1596 quibus
378 1533 509 1597 parcere
531 1509 574 1576 ad
597 1511 705 1574 vetite
728 1509 875 1574 indebite
900 1507 1078 1586 convolat,2
1110 1513 1144 1572 et
1167 1508 1278 1572 omnia

227 1614 356 1700 peragit
370 1614 555 1691 immature,
572 1613 615 1678 ad
629 1613 717 1678 bona
731 1611 959 1698 religiosorum
975 1612 1121 1677 virorum
1136 1610 1277 1675 Abbatis

228 1720 263 1780 et
299 1716 529 1782 canonicorum
577 1715 617 1778 de
663 1714 877 1792 Godeworde‚
915 1714 973 1800 qui
1019 1713 1107 1799 parti
1151 1711 1277 1778 domini

228 1817 333 1881 nostri
355 1817 440 1903 regis
462 1816 593 1902 Angliae
626 1815 765 1881 illustris
797 1837 926 1901 semper
956 1815 1099 1880 fideliter
1132 1814 1277 1880 adhaese-

228 1923 316 1995 runt,
349 1939 467 1984 manus
504 1917 587 1983 adeo
624 1923 776 2003 proterve
807 1917 1009 2002 spoliatrices
1047 1917 1276 1995 extenderunt,

228 2021 316 2104 quod
339 2020 504 2086 modicum
526 2019 581 2084 vel
597 2020 691 2105 quasi
713 2019 800 2083 nihil
822 2040 882 2105 pro
898 2019 1138 2084 sustentatione
1160 2040 1277 2084 eorun-

229 2123 303 2187 dem
326 2124 415 2209 apud
431 2122 634 2188 Godeworde
650 2126 685 2186 et
707 2121 743 2185 in
758 2121 833 2186 aliis
856 2121 1007 2206 partibus
1023 2121 1080 2186 ubi
1103 2121 1191 2186 bona
1206 2121 1278 2206 ipse

229 2225 417 2290 existebant
454 2223 575 2289 dicitur
616 2223 818 2300 remansisse,
849 2223 1086 2308 paternitatem
1122 2228 1278 2299 vestram,

229 2333 391 2413 quantum
422 2327 582 2392 humilius
616 2347 790 2412 possumus
828 2347 1010 2404 exoramus,
1046 2327 1205 2412 quatinus
1236 2325 1276 2390 ad

229 2430 317 2516 ipsos
340 2429 511 2495 canonicos
540 2425 710 2493 affluentia
732 2427 858 2492 viscera
890 2428 1025 2513 pietatis
1048 2434 1195 2514 paternae
1217 2427 1278 2492 mi-

230 2531 435 2598 sericorditer
458 2530 655 2609 derivantes,
671 2529 862 2615 ponderatis
877 2531 1040 2616 angustiis
1063 2536 1097 2596 et
1113 2530 1280 2596 doloribus

231 2634 351 2718 quibus
374 2632 469 2718 quasi
492 2631 621 2708 cotidie,
645 2637 766 2717 praeter
796 2631 1007 2696 amissionem
1038 2632 1279 2718 temporalium,

205 2736 292 2801 ·sub
322 2733 476 2821 periculis
511 2733 658 2819 capitum
693 2732 868 2817 subjacent
891 2739 925 2797 et
947 2739 1154 2818 premuntur,
1178 2733 1279 2799 eccle-

230 2837 313 2901 siam
345 2835 386 2900 de
418 2835 462 2912 L,
493 2839 614 2899 vestrae
649 2833 808 2910 dioecesis,
842 2834 945 2918 cujus,
971 2839 1011 2898 ut
1042 2834 1279 2914 intelleximus,

230 2945 310 3004 sunt
331 2938 473 3024 patroni,
496 2937 532 3000 in
555 2958 635 3001 usus
657 2958 733 3001 suos
756 2935 912 3021 proprios,
932 2936 1035 3022 juxta
1068 2942 1223 3023 rogatum
1246 2945 1281 3004 et

230 3041 427 3106 instantiam
461 3038 677 3103 illustrissimi
715 3037 840 3104 domini
874 3039 961 3124 regis
984 3039 1144 3124 praedicti‚
1168 3061 1280 3106 conce-

231 3144 307 3209 dere
353 3140 537 3229 dignemini
575 3140 725 3226 gratiose,
766 3138 914 3225 Capituli
958 3141 1061 3204 vestri
1096 3142 1281 3208 venerabile

230 3245 413 3330 collegium,
448 3247 488 3306 ut
518 3241 561 3306 ad
593 3241 628 3306 id
660 3261 854 3308 consensum
895 3242 1074 3326 praebsent,
1108 3243 1280 3311 vobiscum

231 3345 378 3433 paternis
400 3342 583 3421 affectibus,
606 3342 635 3406 si
657 3342 794 3428 placeat,
810 3342 1013 3409 inducentes.

232 3611 390 3675 Reliqucnda
411 3625 468 3660 auc·
546 3557 632 3623 oum
669 3579 690 3623 a
723 3562 870 3644 tempore
908 3559 949 3624 de
984 3581 1049 3645 (1¹¹⁰
1086 3582 1154 3627 non
1188 3565 1282 3676 emi
1295 3561 1450 3687 ἷζοὲιξᾶεθόω

231 3675 325 3728 rasori
344 3691 389 3740 per
403 3691 467 3740 pra-
500 3659 657 3726 memoris
678 3659 780 3724 fucrit
802 3665 995 3726 consuetum
1027 3663 1116 3748 quod
1139 3663 1281 3748 episcop1
1295 3703 1442 3754 ,mmm

232 3745 396 3793 deeeaorem.
500 3761 748 3838 Dunolmenses,
781 3762 839 3848 qui
876 3785 936 3848 pro
969 3770 1116 3850 tempore
1149 3765 1281 3840 fuerint,
1294 3769 1376 3819 ofthe

231 3884 359 3949 semper
381 3860 576 3946 reliquerint
598 3864 774 3929 successori
797 3885 857 3929 suo
880 3864 1039 3950 capellam
1061 3865 1225 3951 integram
1248 3834 1439 3950 etlflssfflf

231 3964 413 4041 honestam,
428 3963 482 4028 vel
502 3987 561 4050 per
575 3969 764 4030 executores
782 3965 928 4050 ipsorum
943 3965 1133 4050 hujusmodi
1156 3987 1283 4052 semper
1294 3966 1396 4044 lesing
1415 4032 1420 4044 ,

232 4065 358 4152 capella
379 4065 586 4130 consueverit
608 4065 775 4150 assignari,
792 4087 830 4131 ac
851 4067 1030 4152 Episcopus
1046 4068 1104 4153 qui
1124 4089 1213 4132 nunc
1233 4033 1451 4163 estphearpeqqqre

232 4166 423 4254 hujusmodi
445 4165 605 4252 capellam
628 4165 797 4252 hucusque
820 4189 887 4232 non
909 4169 1075 4254 receperit,
1096 4191 1156 4234 nec
1179 4175 1230 4234 est
1252 4171 1283 4235 ei
1295 4163 1361 4216 their
1371 4179 1427 4216 ⁸¹¹⁰·

233 4269 361 4355 aliquid
387 4290 446 4354 pro
469 4267 660 4354 hujusmodi
683 4267 808 4353 capella
830 4268 872 4333 ab
895 4271 1124 4335 executoribus
1147 4292 1282 4336 venera·
1296 4245 1402 4282 W&

233 4370 309 4436 bilis
336 4369 503 4434 memoriae
526 4369 652 4434 domini
675 4369 823 4447 Antonii,
847 4369 974 4434 dudum
1006 4371 1158 4458 episcopi,
1180 4373 1283 4458 assig-

233 4477 359 4550 natum,
394 4471 481 4558 petit
519 4470 628 4537 dictus
669 4471 840 4557 episcopus
877 4472 1068 4560 hujusmodi
1101 4474 1260 4561 capellam
1272 4499 1280 4556 ;

269 4719 276 4753 ¹
293 4718 355 4770 'l'his
375 4715 678 4784 pessageirapparsntly
690 4715 736 4766 im·
816 4716 1067 4770 monomachus.

233 4800 337 4866 perrea
