3444 5792
642 847 829 900 axonam
1199 833 1266 900 427

215 1039 418 1126 respondere.
465 1037 706 1104 Paternitatem
740 1041 885 1104 vestram
908 1039 1080 1102 consewet
1110 1040 1145 1099 et
1175 1053 1267 1120 pros-

214 1163 326 1229 peram
350 1141 452 1208 faciat
468 1140 625 1227 'potentia
648 1139 830 1205 Trinitatis,
877 1138 1004 1204 Datum
1028 1131 1118 1222 [etc]

217 1369 411 1422 commeasses
429 1367 479 1420 sli—
558 1317 651 1384 Patri
695 1339 754 1384 suo
793 1323 827 1383 et
865 1317 999 1382 domino
1028 1314 1195 1400 ‘magistro
1233 1317 1323 1384 etfol.
1337 1329 1418 1382 rech.

217 1437 288 1500 eujus
310 1451 435 1500 persona,
454 1443 480 1488 et
513 1420 618 1486 amico
659 1442 739 1485 suus
777 1419 873 1496 filius,
917 1440 1039 1496 servus,
1078 1415 1267 1502 discipulus,
1279 1409 1356 1460 F⁰f¹¹¹
1367 1406 1399 1458 of

515 1528 557 1610 et
598 1523 778 1610 proximus,
827 1522 993 1599 honorem,
1039 1518 1268 1594 reverentiam,
1279 1477 1407 1592 lmen.

215 1625 382 1714 gaudium,
406 1629 441 1691 et
474 1625 623 1692 salutem.
671 1623 816 1691 Mirandi
848 1644 947 1690 causa
968 1622 1059 1690 cordi
1081 1643 1154 1686 meo
1176 1609 1380 1706 inge-W·

216 1728 302 1793 ritur
338 1747 406 1792 non
445 1727 620 1804 immerite,
659 1726 749 1812 quod
783 1725 965 1811 epistolam,
998 1745 1098 1810 quam
1136 1723 1269 1788 domino

217 1813 384 1894 willelmo
415 1831 450 1894 et
482 1828 565 1892 mihi
587 1849 647 1914 pro
670 1827 775 1894 amico
797 1833 909 1893 vestro
942 1827 986 1892 ad
1008 1826 1157 1891 ordinem
1179 1845 1270 1910 pres-

216 1931 391 2015 byteratus
423 1929 646 2015 promovendo
679 1929 865 2014 scripsistis,
887 1951 947 2015 per
979 1949 1032 1993 me
1065 1925 1269 2014 reprehendi,

217 2053 293 2099 cum
327 2031 460 2097 omnino
490 2031 593 2098 fuerit
624 2031 918 2118 irreprehensibile,
941 2030 1110 2096 timuistis.
1171 2029 1271 2094 Absit

217 2134 307 2199 enim
329 2133 421 2198 utin
443 2132 603 2220 discipulo
626 2138 722 2200 tanta
743 2134 942 2220 reperiretur
964 2131 1159 2210 absurditas,
1182 2130 1271 2217 quod

218 2257 300 2323 opus
322 2236 473 2323 magistri
495 2237 547 2301 sui
580 2237 743 2302 niteretur
774 2237 985 2324 vilipendere,
1008 2235 1062 2300 vel
1094 2234 1270 2321 quicquam

218 2339 255 2402 in
277 2359 315 2404 eo
337 2339 466 2424 procaci
487 2339 599 2405 animo
621 2345 835 2426 praesumeret
857 2340 1045 2426 depravare.

264 2441 385 2506 Fateor
406 2441 504 2518 enim,
527 2446 562 2507 et
584 2442 688 2519 credo,
712 2441 801 2527 quod
831 2442 861 2506 si
885 2439 1069 2506 Salomonis
1099 2439 1270 2526 sapientia,

219 2543 321 2608 Tullii
351 2543 548 2629 eloquentia,
582 2543 716 2631 Virgilii
750 2544 938 2630 prudentia,
962 2544 1116 2630 cuiquam
1154 2542 1272 2606 suisset

219 2645 375 2733 possibile
396 2646 588 2724 foecundari,
611 2647 666 2711 vel
697 2646 798 2713 etiam
821 2645 1010 2711 Aristotelis
1032 2643 1272 2731 argumentosis

221 2746 531 2835 phantasmatibus¹
564 2747 670 2814 imbui
704 2748 844 2834 desuper
867 2748 983 2813 datum
1005 2752 1099 2825 esset,
1121 2747 1159 2811 in
1180 2745 1275 2836 apice,

221 2851 276 2916 vel
310 2850 380 2915 iota
417 2849 544 2916 nullam
581 2871 715 2935 prorsus
747 2849 1011 2935 reprehensionis
1050 2847 1214 2914 maculam
1236 2847 1273 2912 in

221 2957 334 3018 vestra
366 2951 507 3037 epistola
541 2951 717 3029 inveniret,
750 2951 808 3016 sed
839 2951 951 3016 omnia
987 2950 1024 3014 in
1045 2971 1084 3016 eo
1117 2955 1274 3016 contenta

223 3053 305 3119 adeo
339 3053 448 3140 sagaci
480 3053 592 3118 studio
622 3058 790 3138 comperta
828 3057 917 3133 sunt,
952 3057 1087 3138 tamque
1125 3052 1274 3118 studioso

223 3155 398 3222 succinctae
420 3155 622 3221 narrationis
646 3154 731 3234 stilo,
756 3155 834 3222 lieet
865 3153 1092 3241 grandiloquo,
1115 3175 1273 3232 connexa,

223 3259 323 3324 immo
361 3259 458 3343 quasi
489 3257 596 3344 digito
628 3257 694 3324 Dei
731 3263 909 3344 compacta,
941 3278 1015 3343 quae
1053 3257 1192 3343 singulis
1223 3257 1274 3322 in-

224 3359 427 3446 spectoribus
462 3381 631 3426 emanasse
662 3359 823 3426 videntur
859 3359 904 3426 ab
935 3381 990 3426 ore
1013 3359 1130 3425 divino
1161 3360 1275 3446 potius

224 3483 324 3548 quam
347 3462 502 3528 humano.

269 3564 368 3632 Unde
391 3586 476 3643 eum,
499 3565 679 3632 secundum
709 3563 954 3650 Philosophum,
987 3563 1125 3630 docilem
1158 3563 1277 3630 reddat

225 3688 278 3732 ars
300 3667 477 3744 hominem,
493 3664 614 3732 usum²
637 3672 750 3732 tamen
764 3671 965 3752 promptum,
980 3665 1018 3731 in
1039 3666 1134 3732 vobis
1148 3666 1276 3752 procul-

227 3769 327 3835 dubio
359 3768 446 3834 nibil
480 3769 594 3836 deficit
625 3773 748 3855 praeter
781 3789 883 3849 usus;
915 3789 1014 3853 quem
1048 3768 1084 3847 si,
1109 3767 1276 3834 mediante

226 3871 346 3951 studio,
378 3871 582 3938 conaremini
616 3870 763 3957 adipisci,
802 3892 871 3937 non
909 3869 1030 3948 diffido,
1065 3871 1147 3956 quin
1189 3870 1278 3936 inira

227 3979 357 4061 tempus
380 3973 546 4040 modicum
568 3973 755 4040 Johannem
790 3973 831 4038 de
853 3973 1011 4050 Bononia,
1035 3971 1171 4037 Petrum
1202 3973 1277 4038 Ble-

227 4095 363 4153 senaem,
378 4075 436 4142 sed
453 4081 487 4141 at
502 4075 619 4160 utique
634 4074 729 4140 illum
744 4075 883 4140 scribam
909 4073 1127 4140 clarissimum
1142 4073 1277 4140 Petrum

228 4177 269 4242 de
291 4176 407 4242 Vincis
429 4177 619 4243 solemniter
640 4177 811 4263 praeiretis.
850 4176 988 4242 Dictum
1011 4177 1113 4242 stiam
1134 4177 1277 4242 amicum

228 4301 288 4365 pro
319 4301 384 4365 quo
414 4280 600 4366 scripsistis,
641 4280 795 4345 dominus
819 4279 1005 4346 Willelmus
1037 4285 1071 4344 et
1102 4301 1162 4366 ego
1184 4279 1279 4346 vobis

229 4381 397 4448 mittimus
433 4382 636 4468 expeditum,
672 4383 783 4468 parati
815 4403 875 4468 pro
908 4383 1004 4448 vobis
1041 4383 1149 4448 multa
1182 4382 1280 4468 plura

229 4483 344 4562 facere,
369 4483 489 4570 quibus
511 4489 625 4552 nostra
646 4485 819 4551 modicitas
849 4507 918 4552 essa
940 4486 1063 4572 poterit
1085 4491 1278 4573 opportuna.

230 4587 273 4652 In
296 4585 431 4654 Christo
453 4587 596 4654 fideliter
617 4587 765 4654 valeatis.

216 1519 268 1554 non
279 1502 439 1567 vituperium.

265 4801 587 4874 ¹sarmatamus.
759 4823 791 4901 ιΙ
822 4821 1015 4874 massus
