3444 5792
673 940 860 990 axonam.
1228 925 1294 992 397

243 1127 387 1194 ecclesiae
409 1126 606 1214 parochialis
629 1128 669 1193 de
700 1127 957 1213 Estmerington‚
981 1126 1078 1212 quod,
1101 1127 1144 1192 ad
1167 1127 1295 1194 instan-

242 1229 326 1294 tiam
349 1227 448 1295 officii
477 1229 583 1295 nostri
605 1235 766 1308 movetur,
789 1251 847 1294 seu
864 1229 991 1294 moveri
1014 1234 1174 1315 sperat-ur,
1197 1251 1296 1315 super

243 1331 379 1397 crimine
402 1331 555 1410 incestus,
579 1353 677 1418 quem
702 1354 778 1398 cum
805 1331 963 1411 Preoiosa,
987 1331 1057 1397 filia
1079 1353 1141 1398 sua
1162 1331 1297 1408 carnali,

243 1434 365 1500 dicitur
387 1433 593 1514 commisisse,
617 1440 652 1499 et
674 1434 816 1500 eundem
845 1433 1048 1520 privandum
1078 1455 1117 1501 ac
1139 1435 1296 1501 canonice

243 1537 457 1624 puniendum,
473 1536 566 1603 etad
589 1535 702 1602 omnia
716 1535 868 1603 facienda
883 1559 958 1622 quae
980 1537 1155 1624 negotium
1178 1537 1296 1623 hujus-

243 1639 333 1704 modi
356 1638 462 1725 exigit
488 1643 522 1703 et
551 1638 702 1724 requirit,
724 1638 819 1705 vobis
841 1637 931 1706 vices
960 1643 1092 1704 nostrae
1115 1639 1296 1707 committi-

243 1761 326 1818 mus,
372 1761 447 1806 cum
485 1739 663 1825 cujuslibet
699 1739 878 1806 coercionis
916 1741 1082 1808 canonicae
1120 1745 1293 1828 potestate.

244 1840 369 1908 Valete.
414 1840 542 1908 Datum
565 1841 663 1927 [eto.].

245 2047 285 2096 De
321 2045 395 2110 lapsu
435 2044 518 2095 cunis
596 2020 766 2098 Ricardus,
790 2021 1003 2106 permissione
1026 2021 1149 2100 divina,
1166 2019 1353 2086 Dunol·r01.
1369 2032 1422 2081 125.

244 2114 377 2176 cusanam
388 2109 518 2176 priorisse.
552 2121 675 2187 mensis
691 2122 872 2208 episcopus,
889 2122 1010 2189 dilecto
1026 2123 1105 2200 fflio,
1122 2175 1128 2189 .
1146 2121 1296 2188 .officiali
1308 2105 1416 2224 {fflffi
1426 2181 1454 2224 ω

244 2225 477 2292 Archidiaooni
499 2223 759 2302 Northumbriee,
782 2224 933 2303 salutem,
956 2225 1109 2312 gratiam,
1132 2230 1167 2290 et
1196 2226 1426 2291 bene-hemme

245 2329 432 2394 dictionem.
477 2326 555 2392 Hiis
578 2325 728 2391 volentes
750 2347 918 2392 occurrere
940 2331 1081 2413 paterna
1103 2333 1295 2393 mansuetu·
1308 2306 1466 2423 ζζξζξειζξη

246 2432 323 2497 dine
347 2453 421 2517 quse
445 2429 575 2496 dilectae
589 2428 667 2494 ffliae
684 2427 851 2494 Priorissae
867 2429 1062 2494 monialium
1078 2429 1170 2495 Novi
1186 2428 1297 2495 (taetri
1308 2439 1467 2502 theprioress

245 2533 342 2600 famae
373 2532 523 2599 decorem
555 2529 761 2609 obnubilant,
785 2531 839 2596 vel
872 2531 977 2618 ipsius
1009 2535 1296 2617 statumpraeser·
1309 2504 1413 2623 ffifew

246 2635 308 2700 tim
341 2639 477 2721 propter
510 2633 668 2700 honorem
702 2633 871 2720 religionis
908 2633 1100 2720 aliqualiter
1137 2634 1297 2700 dehones-

245 2743 329 2817 tant,
356 2737 452 2803 vobis
473 2737 671 2804 mandamus
694 2736 853 2822 quatinus
875 2741 992 2804 contra
1013 2737 1136 2803 dictam
1159 2737 1297 2803 Prioris-

245 2863 315 2906 sam
338 2861 413 2926 quae
436 2837 652 2926 superlapsu
683 2839 791 2904 camis
822 2839 912 2924 apud
943 2860 1003 2904 vos
1034 2860 1094 2925 per
1115 2837 1297 2916 malivolos,

245 2947 285 3008 ut
306 2942 500 3028 accepimus
523 2941 724 3018 diffamatur,
748 2963 919 3026 quousque
941 2947 1092 3007 nostrum
1115 2963 1214 3027 super
1235 2940 1298 3006 hoo

245 3044 471 3130 scripserimus
492 3043 747 3129 beneplacitum,
771 3043 908 3108 minime
930 3043 1126 3129 procedatis,
1148 3048 1209 3108 aut
1224 3064 1298 3129 pro-

246 3145 359 3212 cedere
383 3165 442 3230 per
454 3143 538 3210 alios
560 3143 699 3222 faciatis,
724 3144 882 3228 quoniam
905 3165 1005 3229 super
1027 3143 1298 3232 contingentibus

244 3245 370 3314 factum
399 3245 484 3311 illud
515 3245 641 3332 inquiri
672 3246 778 3312 facere
812 3246 1026 3332 disponimus,
1049 3251 1084 3312 et
1105 3247 1143 3312 in
1173 3250 1299 3312 eventu

132 3371 135 3376 ·
244 3346 516 3434 praeciperefieri
538 3347 628 3434 quod
649 3347 779 3414 ratione
802 3347 929 3434 praevia
950 3347 1061 3414 fuerat
1082 3346 1279 3416 faciendum.

246 3587 400 3641 Commisso
420 3590 454 3640 ,d
473 3587 512 3639 in-
589 3538 761 3617 Ricardus,
784 3537 1000 3625 permissione
1022 3538 1147 3618 divina,
1170 3537 1298 3605 Dunol.
1309 3544 1355 3596 fol.
1370 3549 1426 3598 lat.

245 3655 395 3720 quirendum
412 3657 512 3721 deiure
545 3641 668 3707 mensis
699 3640 880 3726 episcopus,
916 3639 1036 3706 dilecto
1063 3639 1141 3718 filio,
1165 3640 1299 3706 domino
1312 3623 1437 3704 commis-

245 3721 413 3786 patronatus}
546 3741 852 3809 ..Archidiaoono
883 3741 1114 3820 Dunolmfflsi,
1138 3741 1194 3808 vel
1227 3698 1459 3828 ejuszldiliewasuio

246 3845 396 3924 Officiali,
433 3845 585 3923 salutem,
617 3846 769 3931 gratiam,
808 3849 843 3910 et
880 3843 1153 3910 benedictionem.
1211 3821 1472 3955 Pfae'ffirssiffigff

245 3949 393 4014 sentevit
414 3947 510 4014 nobis
532 3947 760 4014 serenissimus
775 3947 927 4034 princeps
943 3951 979 4012 ct
1001 3946 1156 4012 dominus
1177 3952 1299 4024 noster,
1310 3955 1344 4073 pq
1344 3957 1407 4073 ¹1tpeeh
1418 4021 1450 4072 os

246 4052 400 4118 dominus
432 4049 628 4128 Edwardus,
651 4049 716 4116 Dei
746 4048 865 4136 gratia,
890 4048 964 4114 Rex
985 4047 1119 4134 Angliae
1148 4047 1299 4126 illustris,
1312 4088 1469 4140 orerecurr-

246 4155 418 4220 dominnm
451 4151 639 4218 Johannem
673 4151 715 4217 de
738 4150 852 4218 Crofte
883 4150 927 4216 ad
958 4149 1119 4217 vicariam
1155 4149 1384 4216 ecclesiaeelive·

246 4257 287 4322 de
319 4255 601 4333 Overconcsclive‚
632 4259 755 4321 nostrae
787 4254 947 4334 dioecesis,
977 4258 1161 4332 vacantem,
1192 4258 1227 4319 et
1256 4253 1300 4320 ad

247 4381 342 4426 suam
356 4357 571 4425 donationem
593 4361 808 4444 spectantem,
824 4360 865 4421 ut
888 4355 980 4434 dicit,
1003 4355 1133 4422 ratione
1155 4355 1300 4422 abbatiae

247 4461 363 4529 Sancti
401 4459 525 4526 Albani
562 4481 669 4546 nuper
701 4458 854 4526 vacantis
894 4463 930 4524 et
960 4457 997 4523 in
1034 4479 1137 4524 manu
1174 4457 1301 4524 domini

248 4563 406 4630 Edwardi
445 4563 613 4649 quondam
652 4563 738 4648 regis
781 4561 921 4648 Angliee,
968 4561 1073 4648 patris
1116 4560 1177 4640 sui,
1221 4567 1302 4629 tuno

249 4665 432 4733 existentis.
480 4663 641 4746 Quocirca
651 4663 747 4730 vobis
758 4663 962 4742 mandamus,
978 4663 1137 4750 quatinus
1152 4663 1188 4728 in
1203 4663 1302 4750 pleno

587 4861 594 4896 ¹
611 4861 726 4915 Written
736 4861 765 4912 in
777 4877 793 4912 a
804 4863 870 4913 later
880 4861 957 4912 hand.
