3444 5792
455 847 520 908 424
888 857 1075 906 neuma

455 1047 604 1111 rentibus
627 1045 818 1130 hujusmodi
850 1044 1112 1110 installationem
1135 1048 1170 1108 et
1200 1042 1433 1108 inductionem
1468 1041 1511 1106 ad

455 1171 489 1213 se
519 1148 702 1234 pertinere;
732 1169 801 1224 uos,
825 1147 930 1232 ipsius
951 1147 1153 1223 monasterii,
1176 1167 1218 1211 ne
1241 1145 1370 1210 diutius
1402 1144 1512 1210 admi-

455 1249 634 1314 nistratore
668 1255 703 1314 et
736 1248 885 1334 legitimo
922 1247 1092 1312 defensore
1124 1253 1257 1325 careret,
1292 1246 1512 1312 indemnitati

454 1351 647 1438 prospicere,
667 1349 937 1436 sin'gulorumque
948 1349 1090 1434 jruibus,
1108 1355 1147 1414 ut
1168 1354 1379 1414 servarentur
1394 1348 1511 1423 illaese,

455 1473 639 1538 praecavere
660 1452 817 1528 volentes,
841 1452 882 1517 de
905 1451 1111 1536 quorundam
1135 1450 1222 1536 juris
1245 1450 1428 1535 peritorum
1453 1449 1511 1512 de-

453 1553 592 1618 liberato
626 1553 770 1630 consili0,
794 1553 837 1616 ad
870 1551 1062 1637 hujusmodi
1095 1551 1356 1616 installationem
1388 1555 1425 1615 et
1457 1549 1511 1612 in-

454 1656 643 1720 ductionem
676 1656 718 1720 de
750 1655 861 1718 Priore
896 1654 1065 1718 antedicto
1099 1653 1293 1730 faciendam,
1316 1653 1510 1717 reverendae

455 1758 660 1823 discretionis
693 1757 774 1833 viro,
799 1757 956 1842 magistro
990 1755 1136 1821 Johanni
1168 1756 1209 1820 de
1243 1755 1366 1832 Insula
1390 1755 1510 1820 clerico

454 1865 576 1938 nostro,
608 1858 700 1922 Juris
739 1857 858 1923 Civilis
896 1857 1082 1934 Professori,
1114 1857 1338 1921 commisimus
1375 1855 1509 1921 oraculo

455 1962 543 2026 vivae
575 1959 673 2038 vocis,
697 1965 747 2036 ut,
769 1959 860 2024 salvo
888 1959 964 2044 jure
987 1958 1165 2044 cujuslibet
1194 1959 1231 2022 in
1253 1958 1316 2024 hac
1338 1964 1433 2043 perte
1465 1957 1508 2022 de

457 2083 524 2148 quo
546 2067 697 2127 constare
721 2061 872 2147 [poterit]
889 2061 925 2123 in
947 2059 1106 2136 tirturum,
1129 2059 1255 2124 dictum
1272 2059 1443 2123 dominum
1467 2059 1507 2123 G.

455 2164 601 2228 Priorem
624 2161 811 2226 installaret
834 2163 904 2245 [et],
922 2161 958 2224 in
980 2161 1216 2246 possessionem
1231 2160 1432 2246 corporalem
1454 2161 1507 2224 in·

457 2266 590 2330 duceret
613 2263 806 2328 Monasterii
829 2262 998 2328 antedicti.
1047 2261 1207 2341 Quocirca
1228 2283 1289 2326 uos
1311 2267 1383 2326 tam
1407 2283 1507 2348 super

451 2366 527 2452 jure
559 2386 659 2450 quam
683 2365 719 2428 in
750 2364 950 2449 possessione
974 2361 1210 2426 installationis
1245 2367 1281 2427 et
1302 2362 1504 2427 inductionis

454 2467 645 2553 hujusmodi
668 2466 709 2530 de
725 2465 837 2530 Priore
852 2464 1076 2540 Dunelmensi‚
1093 2465 1150 2548 qui
1166 2483 1225 2549 pro
1248 2469 1397 2549 tempore
1412 2463 1504 2540 foret,

454 2569 622 2646 faciendae,
646 2589 705 2654 per
738 2567 980 2653 fidedignorum
1015 2566 1228 2630 assertionem
1267 2571 1302 2631 et
1339 2566 1503 2631 laudabile

456 2671 692 2748 testimonium,
718 2691 776 2754 pro
801 2673 894 2754 parte
918 2668 998 2733 dicti
1022 2668 1148 2732 domini
1174 2668 1420 2754 Archiepiscopi
1441 2669 1501 2732 ali-

456 2772 599 2858 qualiter
608 2771 787 2850 informeti,
798 2770 1006 2835 subditorum
1020 2774 1210 2835 nostrorum
1225 2769 1401 2835 confovere
1415 2775 1502 2834 tran-

455 2875 656 2961 quillitatem
680 2879 714 2938 et
737 2894 858 2960 paoem,
883 2877 917 2937 et
939 2872 1154 2937 amfractibus
1176 2872 1289 2936 litium
1312 2873 1501 2958 amputatis,

456 2983 619 3063 quantum
642 2977 678 3041 in
700 2976 796 3041 nobis
818 2981 870 3040 est
888 2975 1031 3060 justitiae
1054 2974 1332 3061 complementum
1356 2973 1502 3040 exhiberi

455 3079 594 3166 singulis
617 3078 795 3164 cupientes,
812 3077 906 3142 vobis
929 3076 1135 3163 injungimus
1152 3082 1186 3140 et
1209 3077 1407 3142 mandamus
1424 3097 1500 3161 qua·

454 3181 546 3245 tinus
578 3179 749 3244 officialem
781 3183 932 3242 nostrum
955 3177 1213 3242 Dunelmensem
1248 3177 1443 3263 specialiter,
1464 3197 1500 3240 ae

454 3303 567 3346 omues
590 3281 672 3345 alios
703 3301 843 3365 quorum
866 3280 1005 3344 interest
1027 3279 1064 3342 in
1097 3279 1160 3345 hac
1182 3284 1276 3365 parte
1298 3277 1500 3365 generaliter,

454 3383 491 3446 in
507 3383 626 3468 Majori
638 3381 784 3446 Ecclesia
793 3379 1035 3444 Dunholmensi
1051 3381 1161 3445 citetis
1176 3380 1402 3465 peremptorie,
1417 3378 1501 3464 quod

454 3489 666 3570 compareant
688 3505 797 3548 coram
823 3483 921 3547 nobis
944 3482 999 3547 vel
1021 3483 1253 3552 commissariie
1285 3482 1415 3558 nostris,
1437 3501 1500 3545 uno

454 3585 509 3649 vel
543 3584 706 3670 pluribus,
730 3585 766 3648 in
798 3583 926 3670 capella
947 3583 1086 3648 manerii
1109 3584 1214 3647 nostri
1247 3583 1287 3648 de
1322 3582 1500 3648 Stoketone

455 3687 509 3752 die
531 3687 636 3751 Lunre
658 3687 811 3771 proxima
833 3692 912 3751 ante
935 3686 1057 3750 festum
1081 3683 1277 3770 Epiphaniae
1307 3684 1452 3760 Domini,
1474 3683 1499 3748 si

455 3809 516 3853 sua
545 3787 745 3853 crediderint
767 3788 924 3852 interesse
956 3786 1159 3862 canonicum,
1182 3786 1211 3850 si
1241 3786 1323 3871 quid
1358 3786 1500 3851 habeant

455 3912 556 3976 quare
593 3890 698 3955 dictas
743 3889 1003 3953 installationem
1041 3895 1075 3954 et
1120 3889 1345 3954 inductionem
1384 3887 1500 3953 Prioris

455 3993 688 4058 Dunelmensis
703 3992 746 4056 ed
768 3992 878 4077 ipsum
894 3991 1172 4057 Archidiaconum
1188 3997 1342 4076 spectare,
1359 3995 1394 4055 et
1415 4011 1500 4076 spee-

454 4101 525 4160 tare
564 4095 688 4172 debere,
721 4094 891 4158 decernere
931 4097 965 4157 et
996 4093 1169 4170 declarare,
1201 4113 1240 4157 ac
1271 4112 1332 4177 pro
1361 4093 1437 4177 jure
1469 4097 1501 4156 et

455 4197 656 4282 possessione
695 4195 776 4260 dicti
814 4193 940 4258 domini
973 4193 1207 4260 Archidiaconi
1245 4193 1282 4258 in
1315 4193 1379 4258 hac
1412 4199 1500 4279 parte

455 4298 672 4384 pronunciare
704 4297 839 4360 minime
875 4295 1060 4372 debeamus,
1091 4297 1292 4381 proposituri
1327 4301 1363 4361 et
1396 4303 1500 4361 osten·

456 4401 532 4476 suri,
565 4399 751 4483 lecturique
785 4397 926 4462 ulterius
960 4403 995 4462 et
1026 4399 1190 4483 recepturi
1224 4398 1313 4483 quod
1342 4399 1400 4483 jue
1432 4399 1499 4462 erit.

457 4501 547 4582 Quid
569 4507 682 4566 autem
714 4501 750 4564 in
781 4500 960 4585 praemissie
994 4499 1144 4578 feceritis,
1175 4521 1235 4565 uos
1266 4499 1322 4564 vel
1353 4500 1501 4565 commm-

455 4603 558 4667 sarios
580 4605 717 4678 nostros,
741 4621 846 4664 unum
871 4601 924 4665 vel
947 4601 1064 4686 plures
1089 4600 1188 4666 dictis
1220 4599 1273 4666 die
1296 4605 1331 4665 et
1353 4600 1424 4666 loco
1446 4621 1500 4688 per

455 4709 582 4770 vestras
619 4709 770 4790 patentes
809 4701 946 4778 litteras,
978 4703 1095 4768 herum
1133 4703 1249 4768 seriem
1286 4703 1499 4780 continentes,
