3464 5780
449 833 512 896 256
846 845 1105 906 unumunurm,

323 1029 395 1078 rau.
449 1010 602 1108 singula
629 1007 743 1106 juxta
769 1007 1000 1104 premissum
1033 1005 1192 1082 modum
1226 1007 1273 1081 de
1306 1007 1493 1083 fructibus

448 1127 661 1202 redditibus
675 1131 714 1200 et
730 1124 980 1224 proventibus
997 1125 1118 1224 ipsius
1135 1124 1365 1222 paroehialis
1382 1122 1496 1199 ecclia

452 1246 482 1318 si
511 1243 692 1343 expedire
708 1241 879 1340 videritis
907 1265 1024 1340 super
1051 1265 1128 1340 quo
1146 1242 1228 1316 iiras
1245 1243 1496 1316 conscientias

451 1386 652 1438 oneramus
669 1359 894 1435 auctoritate
911 1359 1035 1456 aplica
1060 1362 1227 1434 statuere
1257 1363 1297 1433 et
1326 1361 1497 1435 ordinare

450 1480 593 1578 illaque
609 1479 673 1576 iiia
685 1475 804 1552 ecclia
822 1475 1069 1576 quovismodo
1087 1481 1248 1552 vacante
1273 1479 1499 1552 auctoritato

451 1597 621 1697 predicta
649 1595 868 1670 executioni
897 1593 1077 1669 mandare
1111 1618 1261 1669 necnon
1289 1596 1497 1672 contradic·

452 1719 550 1790 tores
564 1713 754 1814 quoslibet
771 1718 811 1788 et
827 1712 989 1787 rebelles
1006 1734 1291 1811 percensuram
1316 1709 1498 1788 eccliasti·

451 1857 536 1909 eam
563 1853 801 1929 compescere
830 1827 947 1904 libere
976 1828 1134 1904 valeatis
1159 1829 1388 1904 auctoritate
1417 1853 1498 1928 pre·

451 1951 553 2026 dicta
581 1953 713 2024 tenore
731 1948 972 2046 presencium
1002 1945 1183 2020 duximus
1201 1947 1496 2022 concedendum.

451 2070 541 2144 Non
558 2065 799 2142 obstantibus
816 2065 1015 2163 quibusvis
1032 2064 1354 2139 reservationibus
1364 2065 1498 2160 aplicis

452 2185 678 2284 specialibus
705 2182 767 2256 vel
797 2180 1037 2278 generalibus
1063 2181 1178 2256 factis
1213 2181 1259 2256 de
1292 2181 1499 2281 parochiali

451 2301 570 2378 ecclia
587 2299 804 2400 supradicta
821 2324 888 2375 seu
906 2300 939 2373 si
956 2298 1076 2397 aliqui
1093 2323 1206 2398 super
1221 2298 1498 2398 provisionibus

452 2421 523 2496 sibi
553 2419 736 2494 faciendis
754 2419 800 2492 de
817 2415 1041 2512 hujusmodi
1058 2413 1186 2490 eccliis
1203 2417 1265 2490 vel
1282 2415 1369 2490 aliis
1386 2415 1498 2490 bene-

451 2537 548 2613 fieiis
583 2533 807 2611 eccliasticis
841 2535 883 2608 in
912 2533 988 2608 illis
1019 2531 1191 2630 partibus
1219 2533 1400 2632 speciales
1435 2533 1497 2608 vel

452 2655 645 2754 generales
663 2657 750 2728 uras
777 2653 839 2728 vel
870 2637 1076 2750 ildenessop
1108 2649 1199 2757 rirop
1227 2650 1380 2727 Romaii
1399 2653 1497 2726 Pon-

451 2775 602 2850 tificum
619 2775 687 2846 aut
704 2773 853 2877 legatop
872 2769 972 2844 sedis
990 2769 1114 2866 apilioe
1142 2769 1290 2844 litteras
1320 2771 1497 2870 impetra·

450 2895 528 2968 rint
538 2893 654 2966 etiam
667 2891 700 2964 si
712 2887 1192 2988 pereasadinbibitionem
1204 2889 1497 2962 reservationem

451 3017 491 3084 et
508 3011 704 3082 decretum
719 3005 782 3081 vel
799 3005 892 3080 alias
913 3003 1199 3101 quomodolibet
1213 3006 1263 3078 sit
1278 3028 1497 3102 processum

451 3149 544 3224 quas
562 3125 709 3200 litteras
727 3127 765 3196 et
781 3145 979 3222 processus
1008 3119 1158 3194 habitos
1189 3143 1257 3218 per
1274 3123 1425 3197 eosdem
1450 3123 1498 3196 ad

451 3243 555 3338 isram
571 3239 828 3342 parochialem
839 3236 999 3313 eccliam
1012 3237 1191 3312 volumus
1202 3241 1241 3312 et
1258 3239 1496 3313 decernimus

450 3385 528 3435 non
545 3359 700 3434 extendi
718 3357 783 3432 sed
801 3357 953 3430 nullum
982 3380 1050 3453 per
1076 3356 1150 3430 hoe
1167 3356 1221 3430 eis
1240 3381 1316 3455 quo
1333 3357 1383 3432 ad
1400 3382 1494 3433 asse-

450 3481 644 3554 cutionem
660 3473 801 3581 eccliap
821 3477 860 3548 et
876 3473 1086 3580 beneflciop
1111 3473 1210 3572 aliop
1241 3475 1496 3574 prejudicium

451 3595 633 3694 generari.
687 3594 740 3666 Et
768 3590 1003 3689 quibuslibet
1020 3591 1230 3688 privilegiis
1248 3592 1496 3690 indulgentiis

431 3775 436 3782 .
450 3717 489 3787 et
502 3711 639 3786 litteris
653 3707 786 3806 aplicis
801 3707 1041 3804 generalibus
1058 3709 1120 3782 vel
1137 3707 1365 3808 specialibus
1383 3731 1496 3816 quop-

450 3855 574 3926 cumq
603 3831 714 3932 tonop
744 3827 914 3899 existant
943 3849 1011 3922 per
1041 3849 1116 3922 que
1146 3826 1385 3923 presentibus
1420 3851 1494 3901 non

451 3970 627 4046 expressa
656 3945 718 4020 vel
748 3942 918 4016 totaliter
947 3965 1025 4014 non
1060 3941 1204 4016 inserta
1239 3942 1397 4018 effectus
1432 3965 1496 4050 cap

450 4063 625 4164 impediri
652 4061 780 4134 valeat
812 4059 1098 4170 quomodolibet
1125 4059 1190 4134 vel
1219 4059 1363 4134 differri
1388 4065 1428 4135 et
1454 4061 1498 4135 de

450 4184 591 4282 quibus
624 4201 865 4276 quorumque
895 4177 987 4250 totis
1014 4175 1209 4249 tenoribus
1240 4177 1287 4251 de
1309 4177 1426 4251 verbo
1451 4178 1497 4252 ad

449 4300 609 4374 verbum
652 4295 695 4368 in
748 4295 987 4395 presentibus
1039 4293 1212 4390 specialis
1258 4295 1405 4368 mentio
1449 4297 1497 4370 sit

449 4414 623 4491 habenda
640 4438 708 4488 seu
725 4413 758 4486 si
775 4411 969 4510 aliquibus
987 4412 1204 4485 comuniter
1221 4411 1284 4486 vel
1301 4412 1455 4487 divisim
1475 4435 1497 4487 a

449 4535 599 4634 prefata
630 4533 679 4606 sit
709 4531 797 4606 sede
825 4529 1021 4603 indultum
1052 4527 1102 4624 qd
1119 4529 1296 4603 interdici
1319 4531 1498 4627 suspendi

450 4653 513 4729 vel
531 4649 814 4726 excomunioari
831 4672 909 4721 non
929 4647 1074 4744 possint
1091 4669 1160 4745 per
1176 4645 1325 4722 litteras
1356 4649 1496 4744 aplicas

450 4794 529 4844 non
546 4769 729 4844 facientes
746 4767 902 4866 plenam
932 4769 971 4839 et
998 4787 1218 4862 expressam
1244 4787 1289 4839 ao
1316 4765 1364 4838 de
1381 4765 1496 4842 verbo
