3444 5792
672 897 857 952 axonam.
1232 892 1298 958 433

243 1083 475 1152 eontinuantes
507 1106 582 1153 oum
615 1087 725 1175 gratio
754 1095 789 1156 et
819 1090 942 1169 favore,
964 1111 1026 1158 nos
1061 1097 1095 1158 et
1127 1093 1296 1162 ecelesiam

243 1191 389 1252 nostram
412 1189 584 1275 tangentia
606 1189 642 1256 in
665 1191 756 1258 diota
778 1193 871 1258 ouria
886 1195 1153 1261 recommendata
1175 1197 1296 1263 habere

243 1288 354 1354 velitis
376 1291 561 1376 specialiter
575 1294 779 1379 temporibus
802 1297 1016 1381 opportunis;
1047 1317 1115 1362 non
1136 1297 1296 1364 habentes

243 1411 302 1476 pro
325 1391 421 1470 malo,
444 1393 473 1457 si
495 1393 611 1481 planet,
636 1397 724 1481 quod
755 1396 796 1462 de
818 1399 993 1485 arreragiis
1016 1421 1154 1466 summae
1186 1402 1296 1487 pensi-

242 1492 315 1558 onis
338 1494 432 1560 vobis
453 1517 512 1582 per
533 1517 594 1562 nos
617 1497 739 1562 debitae
761 1499 910 1564 nondum
934 1499 1037 1566 fuerit
1067 1501 1295 1583 satisfactum

243 1615 321 1659 nam
344 1597 556 1681 sperabamus
572 1620 632 1664 vos
655 1599 865 1666 constituisse
881 1601 1025 1687 aliquem
1049 1609 1295 1689 proouratorem

243 1695 280 1760 in
301 1697 432 1785 Anglio,
463 1699 500 1764 in
534 1700 670 1767 civitate
703 1701 958 1780 londoniarum,
992 1703 1035 1770 ad
1069 1705 1295 1791 recipiendum

243 1798 433 1886 hujusmodi
466 1801 664 1888 pensionem,
696 1803 783 1870 sieut
816 1805 912 1870 vobis
944 1805 1070 1870 dudum
1104 1829 1203 1894 super
1233 1807 1295 1875 hoo

242 1921 301 1986 per
322 1902 450 1986 litteras
472 1909 601 1970 nostras
624 1904 781 1970 duximus
803 1905 933 1992 plenius
955 1907 1229 1994 supplicandum
1254 1910 1295 1975 de

243 2025 308 2089 quo
331 2004 439 2071 adhue
460 2026 529 2070 non
550 2005 740 2071 audivimus
763 2007 941 2093 quiequam
964 2013 1098 2075 eertum.

287 2106 351 2172 Pro
372 2105 439 2171 hiis
461 2112 496 2172 et
517 2106 592 2172 aliis
614 2128 675 2173 nos
706 2109 924 2194 tangentibus
947 2109 1107 2176 dilectum
1140 2111 1294 2178 clericum

242 2213 400 2287 nostrum,
423 2209 620 2296 magistrum
634 2208 822 2276 Johannem
845 2210 886 2276 do
908 2210 1133 2298 Snayngtone,
1150 2213 1293 2280 latorem

242 2311 464 2398 praesentium,
498 2311 542 2377 ad
575 2333 634 2377 vos
668 2313 843 2391 mittimus,
866 2318 901 2378 et
933 2314 977 2378 ad
1001 2313 1137 2380 Curiam
1171 2337 1293 2382 memo·

242 2418 348 2478 ratam
360 2436 369 2492 ;
398 2412 461 2491 oui,
483 2413 512 2478 si
542 2412 660 2499 planet,
683 2411 783 2478 fidem
815 2413 853 2477 in
875 2413 942 2478 hiis
974 2435 1049 2499 quae
1082 2415 1179 2480 vobis
1212 2417 1292 2483 inti·

242 2515 384 2579 maverit
410 2535 453 2580 ex
475 2519 569 2602 parte
599 2519 713 2580 nostra
734 2514 865 2601 plenius
895 2515 976 2581 vivo
997 2536 1078 2582 vooe
1108 2516 1291 2604 dignemini

241 2615 406 2695 adbibem,
433 2621 468 2682 et
498 2624 610 2682 vestra
641 2616 848 2702 beneplacita
877 2617 973 2683 nobis
1006 2617 1209 2685 confidenter
1240 2643 1289 2686 re-

240 2719 380 2784 scribere
402 2717 631 2805 pereundam.
678 2717 830 2784 Vestram
854 2719 1089 2805 paternitatem
1119 2729 1290 2790 oonservet

241 2819 434 2886 Altissimus
456 2841 515 2907 per
536 2824 687 2906 tempora
708 2839 865 2907 prospera
887 2825 922 2887 et
943 2820 1050 2910 longa

240 3055 435 3173 litttff*
471 3023 725 3191 ,bittit
741 3022 1439 3212 susustinetis·

241 3223 415 3305 cestrensi,
446 3247 525 3292 suus
559 3225 668 3303 frater,
692 3225 870 3306 lohannes,
901 3226 1014 3292 Abbas
1046 3227 1087 3292 de
1120 3182 1447 3305 Funesioiiil'iion

239 3335 389 3412 paratam
422 3329 466 3394 ad
503 3328 693 3395 omnimodo
730 3328 802 3414 ejus
833 3329 1042 3415 beneplacita
1072 3328 1286 3394 voluntatem.
1300 3314 1417 3432 {mg
1422 3387 1449 3430 to

240 3429 293 3496 Ne
315 3431 477 3498 immensa
507 3431 627 3518 quibus
650 3451 710 3496 nos
743 3431 952 3516 praevenistis
974 3430 1190 3518 gratitudinis
1221 3445 1455 3498 me-Rieharode

239 3531 306 3597 rita
338 3533 498 3600 excidisse
534 3531 629 3598 nobis
661 3532 828 3598 memoriae
865 3532 1050 3610 videantur,
1085 3533 1126 3599 de
1164 3532 1287 3598 eisdem
1299 3512 1431 3629 afflet·

239 3633 363 3720 gratias
397 3633 492 3700 vobis
525 3633 697 3699 referimus
719 3632 911 3712 viscerales3
942 3633 1164 3719 supplicantes
1187 3639 1227 3698 ut
1258 3633 1392 3698 sininof

133 3785 138 3792 .
239 3734 320 3820 quid
342 3755 402 3822 per
432 3755 492 3800 nos
514 3733 586 3800 fieri
619 3734 744 3821 poterit
766 3733 854 3819 quod
885 3738 1019 3822 gratum
1045 3735 1141 3800 vobis
1163 3735 1288 3800 existat
1299 3710 1414 3763 cm·

238 3840 299 3902 aut
331 3837 445 3904 oedere
478 3836 590 3902 valeat
620 3835 664 3902 ad
686 3835 851 3914 honorem,
885 3836 963 3902 inde
996 3836 1092 3902 nobis
1115 3857 1153 3902 eo
1186 3837 1287 3903 eonti-

240 3937 373 4006 dentius
395 3937 597 4026 praeeipiatis
629 3941 749 4004 vestrae
772 3930 980 4025 beneplacita
1012 3937 1197 4004 voluntatis
1221 3960 1285 4024 quo

238 4039 321 4107 seire
343 4039 590 4108 indubitantius
614 4039 772 4116 debeatis,
794 4039 883 4125 quod
906 4039 1026 4107 soimurs
1049 4045 1084 4105 et
1105 4060 1286 4126 possumus,

237 4141 340 4208 vestri
374 4163 495 4208 snmus.
541 4140 611 4206 Diu
641 4140 678 4205 in
702 4139 835 4206 Christo
866 4140 978 4206 valeat
1011 4145 1122 4206 vestra
1152 4139 1286 4206 dileetio

237 4266 296 4332 por
316 4245 439 4332 gradis
461 4264 632 4332 prosperos
654 4247 690 4308 et
719 4263 885 4310 successus
907 4241 1017 4309 felices
1036 4241 1162 4330 jugiter
1194 4242 1285 4310 exol-

237 4346 348 4414 unda

296 4647 324 4698 A
341 4635 412 4698 lund
428 4645 450 4698 ia
468 4646 554 4698 maun
571 4643 672 4710 against
681 4642 733 4695 this
817 4640 1002 4693 ΒΑῆετννιιῐᾱι
1013 4639 1104 4708 bishop
1116 4643 1144 4694 of
1161 4641 1287 4706 Durbam,

235 4727 310 4778 letter
321 4726 347 4776 in
356 4726 400 4778 the
408 4723 517 4791 margin,
522 4723 585 4775 with
592 4723 636 4774 tho
642 4724 734 4786 words,
785 4729 812 4773 to
823 4720 906 4773 whom
917 4719 967 4771 this
977 4721 1045 4772 book
1056 4721 1191 4788 belonged.

235 4805 306 4858 Noto
316 4805 403 4857 anum
410 4820 462 4870 pro
472 4803 658 4870 reqmtiaton'o.

322 4901 400 4954 vot.
423 4901 470 4954 1v.
503 4909 513 4922 ·
1093 4895 1153 4947 ΕΕ
