3444 5792
661 847 848 898 excusem.
1217 837 1280 904 391

227 1031 331 1118 ipsius
364 1031 451 1096 infra
469 1029 732 1117 jurisdictionem
754 1036 901 1098 nostram
927 1032 1156 1112 existentibus,
1180 1039 1215 1099 et
1240 1034 1284 1100 ad
1297 1035 1452 1089 A·D·1⁸1⁵·

228 1134 339 1200 omnis
371 1133 438 1200 alia
475 1133 625 1200 socienda
663 1155 738 1220 quse
771 1134 955 1200 necessaris
989 1135 1115 1200 fuerint
1149 1136 1186 1200 in
1223 1135 1285 1204 hae

228 1241 329 1322 perte,
353 1235 448 1300 vobis
480 1239 515 1300 et
545 1235 642 1300 alteri
675 1239 824 1302 vestrum
856 1236 894 1300 in
924 1235 1066 1302 solidum
1088 1237 1177 1302 vices
1209 1259 1283 1302 nos·

228 1343 296 1404 tras
328 1337 574 1415 committimus,
599 1357 674 1404 cum
701 1336 879 1424 cujuslibet
910 1339 1086 1406 coertionis
1118 1335 1283 1406 canonicae

228 1444 399 1525 potestate.
446 1439 488 1503 In
522 1438 616 1526 eujus
654 1440 709 1506 roi.
745 1440 880 1519 Datum,
913 1446 973 1508 ete.
1011 1442 1113 1528 [apud
1147 1441 1284 1508 Warde-

228 1541 302 1627 leye
327 1540 435 1728 nippis
468 1541 522 1607 die
557 1541 711 1628 Augusti,
745 1544 998 1611 consecrationis
1035 1549 1157 1611 nostrae
1195 1565 1284 1610 anno

230 1643 356 1729 quintoe

315 1872 321 1884 .
574 1810 743 1886 Ricardus‚
767 1811 980 1898 permissione
1006 1811 1130 1890 divine,
1157 1809 1340 1878 Dunol-tu·
1355 1814 1410 1860 12⁶·

230 1873 494 1937 mmmmm
528 1913 649 1980 mensis
687 1911 865 2000 episeopus,
897 1913 1016 1980 dilecto
1049 1913 1119 1980 filio
1151 1888 1426 2020 dominossffl'

230 2020 374 2086 Roberto
416 2020 457 2084 de
494 2015 688 2103 Brumpton'
722 2016 846 2094 elerico,
884 2016 1033 2095 salutem,
1071 2017 1213 2104 gratiam
1250 2023 1286 2083 et
1296 2023 1362 2072 bena
1372 2021 1399 2071 in
1411 2022 1454 2072 the

230 2121 500 2188 benedictionem.
547 2119 659 2186 Gratis
682 2118 750 2183 tuis
772 2117 900 2182 meritis
923 2122 958 2183 et
978 2118 1145 2183 virtutum
1167 2119 1284 2186 suffra.
1297 2088 1441 2220 {2222}

231 2224 294 2311 giis
317 2223 536 2310 exigentibus,
558 2222 601 2288 ad
623 2219 757 2285 honoris
778 2220 831 2284 tui
853 2223 1078 2306 augmentum,
1094 2241 1132 2287 eo
1155 2222 1284 2308 plenius
1297 2229 1345 2272 t01·

231 2332 266 2392 et
286 2325 447 2392 efficacius
465 2324 656 2400 invitemur,
673 2344 739 2408 quo
754 2321 871 2388 umor
885 2322 971 2389 circa
987 2343 1048 2388 nos
1064 2328 1099 2388 et
1116 2323 1284 2389 ecelesiam

230 2433 377 2494 nostram
399 2427 658 2493 Dunelmensem
680 2423 865 2511 praefulges,
889 2428 924 2489 et
945 2423 1189 2510 praemissorum
1207 2446 1284 2492 eon·

231 2529 428 2596 sideratione
459 2527 653 2616 promereris
675 2525 786 2592 attolli
816 2525 961 2591 nominis
983 2525 1083 2591 titulo
1116 2526 1283 2613 dignioris.

231 2631 336 2696 Tuam
370 2631 483 2716 itaque
515 2649 689 2717 personam
722 2631 861 2713 paterno
894 2631 1128 2714 prosequentes
1162 2626 1284 2694 affectu

232 2733 416 2820 portionem
448 2753 507 2797 seu
537 2729 748 2818 praebendam
774 2727 812 2794 in
846 2728 981 2796 ecelesia
1003 2729 1043 2794 de
1078 2729 1284 2817 Langcester’

232 2858 290 2922 per
312 2839 451 2900 mortem
476 2833 603 2899 domini
634 2831 756 2918 Rogeri
788 2831 890 2896 de..
916 2881 922 2896 .
947 2882 953 2895 .
979 2829 1154 2917 [Stekton]
1179 2831 1288 2899 clerici

231 2941 413 3013 vasentem,
437 2939 472 3002 et
494 2935 537 3000 ad
559 2938 707 3000 nostram
734 2931 942 2998 collationem
965 2933 1062 3018 pleno
1090 2933 1166 3020 jure
1197 2955 1288 3021 spec-

232 3045 367 3117 tantem,
391 3059 467 3104 cum
493 3037 561 3102 suis
588 3036 722 3124 juribus
744 3039 779 3100 et
801 3033 1011 3120 pertinentiis
1033 3035 1197 3100 universis
1224 3036 1288 3100 tibi

232 3146 346 3207 tenore
372 3138 585 3225 praesentium
616 3135 813 3203 conferimus
847 3135 975 3200 intuitu
1007 3136 1163 3214 caritatis,
1189 3141 1288 3221 teque

234 3243 275 3308 de
297 3241 411 3308 eadem
434 3262 492 3327 per
514 3244 665 3306 nostrum
688 3237 850 3304 annulum
876 3237 1082 3303 investimus.
1130 3238 1171 3303 In
1194 3239 1288 3325 cujus

233 3345 282 3410 rei
319 3342 553 3419 testimonium,
592 3346 651 3408 ete.
712 3340 849 3418 Datum,
892 3344 952 3406 etc.
992 3340 1096 3427 [apud
1133 3339 1287 3418 Stokton,

234 3442 343 3532 xxiij⁰.
365 3443 419 3509 die
441 3443 562 3508 mensis
586 3441 746 3520 Octobris,
766 3462 854 3507 anno
877 3440 1014 3506 Domini
1036 3454 1148 3508 u⁰cec⁰
1171 3441 1288 3528 quinto

235 3549 369 3626 decimo,
392 3551 427 3612 et
450 3545 702 3613 consecrationis
724 3548 846 3609 nostrae
868 3539 1033 3629 qninto.]²

235 3775 292 3825 Rex
327 3789 400 3840 papa
427 3787 504 3837 super
583 3757 797 3824 sanctissimo
820 3755 856 3820 in
879 3754 1013 3822 Christo
1045 3755 1133 3841 patri
1156 3755 1288 3822 domino
1343 3757 1412 3807 AD·

234 3839 378 3969 ξξζζῗοῗῐα
392 3855 504 3956 renatum:
536 3855 709 3926 Johanni³
761 3856 878 3922 divina
927 3856 1141 3922 Providentia
1183 3879 1288 3923 sacro·
1301 3827 1390 3954 s0¹1³¹72
1399 3825 1439 3951 ἵ)

235 3974 313 4025 terius
350 3981 378 4024 ot
412 3971 504 4024 clerico
537 3966 659 4028 sonctse
682 3959 840 4025 Romanae
862 3979 902 4025 ec
915 3959 1117 4026 universalis
1136 3959 1289 4026 Ecclesiae
1301 3979 1458 4031 nosternon

234 4037 505 4169 ἰξξξᾱθζᾚθζξῗ
537 4084 665 4130 summo
684 4060 846 4138 Pontifici,
866 4059 1057 4140 Edwardus‚
1082 4065 1150 4138 etc,
1169 4062 1290 4127 devota
1302 4045 1428 4163 fflffl

235 4173 334 4224 aeneiae
346 4170 504 4236 assequitur.
537 4171 659 4258 pedum
691 4168 803 4234 oscma
832 4167 1012 4232 beatorum.
1070 4166 1164 4233 Inter
1197 4168 1412 4243 variatoPope

234 4277 355 4343 nostris
375 4275 521 4341 humeris
543 4271 770 4338 incumbentia
789 4269 1006 4336 necessarium
1029 4273 1229 4356 reputemus,
1251 4274 1291 4334 ut
1302 4245 1431 4376 ffigm

235 4379 309 4444 vius
330 4401 389 4466 per
411 4398 493 4464 quas
520 4376 694 4443 Scotorum
724 4371 933 4438 inimicorum
956 4376 990 4436 et
1012 4371 1184 4438 rebellium
1215 4393 1290 4437 nos·
1303 4380 1407 4438 second,

238 4487 364 4548 trorum
391 4479 529 4546 malitiis
562 4477 725 4554 obvietur,
756 4479 791 4540 et
822 4473 999 4539 salvationi
1032 4494 1072 4540 ae
1104 4473 1292 4560 tranquilli·

272 4708 280 4740 ¹
297 4708 376 4772 Apud
387 4705 512 4767 Kollsve,
524 4705 575 4756 vol.
587 4703 612 4754 ii.
623 4719 647 4768 p.
662 4705 718 4754 ns.
821 4698 832 4732 ⁸
848 4700 921 4752 John
931 4699 975 4752 the
986 4701 1196 4766 twenty-secent

272 4787 283 4820 ²
299 4788 365 4854 ch.
377 4787 500 4849 Kellsrre,
510 4786 560 4837 rol.
572 4781 599 4834 ii.
613 4786 669 4835 us.
