3444 5792
639 873 825 924 exoneres.
1195 859 1261 923 383

210 1077 309 1143 super
322 1055 499 1143 compertis
514 1061 628 1122 contra
649 1077 704 1123 eos
724 1056 761 1121 in
776 1055 867 1122 dicta
881 1053 1090 1132 visitatione,
1106 1053 1143 1118 in
1157 1052 1263 1119 forma

205 1160 292 1246 juris
313 1159 426 1225 velitis
449 1159 657 1245 praemunire.
1073 1167 1075 1174 ’

253 1312 428 1378 Universis
451 1310 578 1378 Christi
611 1311 764 1377 fidelibus
786 1316 965 1398 praesentes
998 1311 1112 1376 literas
1134 1308 1344 1396 inspee-A-D·
1358 1271 1452 1359 131ss

211 1414 303 1493 turis,
326 1413 492 1480 Robertus
514 1413 555 1478 de
579 1411 725 1480 Colevile
748 1413 890 1480 salutem
911 1413 949 1478 in
971 1413 1120 1478 omnium
1145 1411 1261 1478 Salva·
1274 1385 1424 1531 2⁰12&ss

106 1547 110 1553 ·
212 1523 289 1584 tore.
352 1516 438 1582 Cum
471 1515 670 1582 venerabilis
718 1521 813 1603 pater
849 1521 884 1582 et
917 1516 1071 1582 dominus
1108 1515 1416 1584 dominusofsirlse

212 1617 381 1696 Ricardus,
402 1617 467 1685 Dei
489 1617 605 1706 gratia,
621 1615 856 1682 Dunoimensis
879 1617 1057 1705 episcopus,
1079 1617 1262 1684 custodiam
1274 1600 1423 1715 diffisso

212 1721 312 1788 castri
334 1727 369 1786 st
402 1721 578 1787 comitatus
612 1719 653 1785 de
676 1719 837 1798 Norbam,
859 1741 934 1786 cum
965 1719 1130 1786 universis
1160 1719 1263 1806 perti-
1275 1731 1371 1782 deliret
1381 1747 1417 1795 up

213 1821 336 1888 nentiis
366 1823 443 1902 suis,
466 1843 623 1910 persnas
655 1821 738 1888 certi
767 1822 892 1888 tenoris
925 1822 1039 1889 literas
1070 1822 1148 1888 inde
1180 1798 1409 1886 mihitheeaatle

212 1922 316 1989 factas
353 1928 388 1988 et
424 1943 600 2001 consessas,
638 1921 722 1987 mihi
759 1923 968 2004 commiserit,
1006 1923 1192 1990 faciendam
1229 1927 1265 1988 et
1276 1865 1433 1992 eddim

213 2025 428 2092 exercendam
464 2046 569 2110 usque
606 2024 650 2090 ad
687 2046 756 2091 suae
790 2025 1036 2112 beneplacitum
1069 2023 1264 2104 voluntatis,
1276 1997 1434 2129 ffissffi,

213 2126 327 2192 volens
346 2131 381 2191 et
402 2126 560 2214 adjiciens
576 2131 615 2190 ut
637 2125 811 2212 praedictos
834 2133 980 2193 castrum
1003 2131 1038 2192 et
1059 2125 1264 2204 comitatum,
1276 2129 1409 2194 bistopof

170 2315 174 2322 ι
214 2249 289 2295 cum
320 2229 418 2294 rebus
453 2229 712 2316 quibuscunque,
745 2229 849 2315 [quae]
880 2229 974 2309 mihi,
998 2229 1035 2293 in
1066 2228 1265 2294 admissione
1277 2197 1399 2248 Durum.

214 2330 372 2398 custodiae
399 2329 584 2408 eorundem,
617 2329 855 2408 liberabuntur,
878 2331 1013 2397 reddam
1036 2335 1071 2396 et
1092 2331 1267 2398 restituam

214 2431 321 2498 eidem
359 2431 456 2519 patri,
494 2431 566 2497 sine
603 2431 862 2498 contradictione
893 2453 1088 2519 quacunque
1120 2432 1267 2519 quando-

215 2553 344 2618 cunque
382 2555 481 2620 super
516 2532 579 2600 hoc
616 2531 708 2598 fuero
746 2533 932 2621 requisitus.
994 2534 1065 2622 Ego
1102 2533 1267 2601 Robertus

215 2635 411 2713 antedictus,
442 2635 547 2700 fateor
568 2656 622 2700 me
655 2635 770 2714 teneri,
794 2639 908 2703 tenore
939 2636 1162 2724 praesentium,
1184 2657 1268 2723 prae-

215 2736 285 2803 fato
316 2737 412 2824 patri,
450 2742 486 2803 et
522 2737 762 2804 successoribus
800 2737 877 2818 suis,
911 2739 955 2804 ad
992 2739 1197 2805 reddendum
1234 2743 1269 2803 et

215 2839 457 2905 restituendum
480 2839 635 2926 praefatos
658 2845 802 2906 castrum
825 2845 860 2906 st
882 2839 1085 2920 comitatum,
1108 2861 1267 2907 unacum

161 2986 165 2994 ·
216 2941 369 3008 omnibus
390 2941 488 3007 rebus
510 2940 734 3028 cujuscunque
756 2941 885 3028 generis
907 2943 1064 3024 existant,
1088 2963 1162 3029 quae
1184 2941 1269 3006 mihi

215 3043 452 3122 liberabuntur,
468 3047 504 3108 et
518 3042 718 3110 admittam²
740 3044 898 3130 praedicto
913 3045 1011 3130 patri,
1027 3044 1082 3110 vel
1103 3044 1154 3109 illi
1170 3065 1268 3130 quem

217 3145 261 3212 ad
293 3144 356 3211 hoc
377 3165 518 3232 congrue
553 3145 772 3231 deputaverit,
795 3151 830 3212 et
859 3168 912 3211 me
946 3168 1045 3234 super
1066 3146 1129 3214 hoc
1159 3145 1268 3232 nequi-

218 3247 341 3324 sierint,
357 3267 417 3333 pro
439 3267 499 3312 suo
521 3245 618 3312 libito
634 3243 818 3313 voluntatis
829 3271 838 3328 ;
860 3247 1038 3335 subjiciens
1060 3253 1095 3315 et
1121 3247 1270 3334 obligans

218 3371 278 3427 me,
301 3349 448 3414 haeredes
471 3353 507 3414 et
528 3353 720 3416 executores
742 3371 840 3428 meos,
859 3353 969 3416 ¹terras
1001 3355 1036 3416 et
1069 3354 1269 3426 tenementa‚

219 3455 254 3516 et
275 3450 387 3516 omnin
414 3450 502 3516 bona
531 3471 613 3528 mea,
636 3449 772 3516 mobilia
804 3455 838 3515 et
860 3450 1051 3528 immobilia,
1081 3451 1272 3537 ubicunque

219 3551 404 3632 existentia,
427 3552 595 3618 voluntati
618 3551 818 3618 districtioni
850 3557 884 3618 et
909 3552 1137 3640 jurisdictioni
1168 3574 1271 3640 saepo-

219 3653 301 3720 dicti
331 3651 502 3740 patriast
534 3675 755 3720 successorum
789 3675 932 3738 suorum,
956 3655 1153 3734 invadenda,
1177 3677 1272 3723 occu-

219 3755 336 3842 panda,
375 3759 410 3820 et
447 3753 661 3822 distrahenda
693 3761 794 3842 prout
830 3757 911 3843 ipsis
943 3757 1113 3845 placuerit,
1152 3759 1182 3824 si
1219 3780 1272 3824 me

220 3858 399 3944 contingat,
430 3857 519 3943 quod
552 3857 647 3936 absit,
671 3857 850 3944 praemissis
881 3857 919 3923 in
955 3859 1068 3946 aliquo
1099 3859 1271 3944 contraire.

221 3957 263 4024 In
280 3959 375 4046 eujus
396 3958 445 4023 rei
468 3957 556 4044 [etc]
580 3980 639 4045 per
661 3959 828 4044 quandam
843 3959 1056 4026 indenturam
1078 3961 1167 4027 inter
1181 3959 1272 4028 Wal-

220 4067 330 4127 terum
364 4059 539 4147 Gosewyk,
570 4082 677 4149 nuper
707 4063 876 4130 custodem
908 4063 1073 4131 dictorum
1104 4063 1206 4132 castri
1238 4068 1273 4130 et

221 4163 406 4242 comitatus,
429 4167 464 4229 et
485 4184 546 4242 me,
568 4161 811 4245 conficiendam.
1338 4181 1343 4184 ·

266 4316 436 4396 Ricardum
459 4316 672 4402 permissione
695 4317 818 4396 divina,
841 4317 1075 4386 Dunelmensis
1091 4319 1331 4408 episcopus,f0¹·
1344 4319 1426 4374 12⁴⁶·

222 4418 351 4486 susem
380 4417 589 4484 sessoribus
619 4417 688 4484 sua
711 4418 877 4486 wilelmo
907 4421 949 4487 aa
971 4421 1109 4502 cenom,
1141 4399 1444 4534 somnoffl‘gfid,

256 4613 726 4684 ¹Betvesnedn'ttcncndproedicto,
776 4617 1003 4685 Msy,intheyesr
1016 4624 1089 4671 1³14.
1125 4617 1276 4686 (Prmtedin

223 4695 267 4747 the
278 4695 328 4747 last
339 4695 427 4748 fifteen
438 4698 521 4748 words
531 4695 559 4746 in
569 4695 620 4747 this
631 4695 726 4748 instru-
776 4697 909 4750 Kellswe’s
929 4699 1056 4766 Reginae,
1074 4700 1124 4752 vol.
1142 4699 1161 4750 i.
1180 4715 1206 4766 p.
1219 4705 1277 4765 546,

226 4781 295 4826 ment
322 4789 406 4827 occur.
452 4773 509 4827 The
537 4775 674 4828 document
702 4775 726 4827 is
776 4776 943 4829 rhaerius
961 4779 1093 4831 tresisrr
1104 4778 1277 4846 unimportsnt

224 4851 730 4918 dstedattiiddelhmonthelothot
776 4853 935 4921 subdens.)
