3444 5792
486 807 552 869 412
920 823 1106 872 excusem.

483 1010 724 1096 sempiternam.
784 1008 955 1075 Noveritis
983 1030 1052 1086 nos,
1076 1031 1119 1074 ex
1149 1009 1320 1075 voluntate
1344 1015 1379 1075 et
1400 1031 1530 1075 assensn

483 1111 680 1177 venerabilis
715 1111 751 1174 in
785 1111 919 1177 Christo
957 1111 1061 1196 petris
1093 1119 1128 1176 et
1160 1111 1284 1177 domini
1322 1113 1435 1187 nostri,
1467 1112 1531 1174 Do-

482 1213 565 1278 mini
588 1213 731 1292 Ricardi,
755 1212 818 1278 Dei
833 1213 951 1300 gratia,
975 1212 1210 1278 Dunolmensis
1232 1213 1383 1299 episcopi,
1405 1235 1529 1278 conoes-

481 1317 569 1392 sisse,
593 1315 728 1392 dedisse,
753 1321 787 1380 et
809 1315 965 1400 presenti
988 1316 1109 1401 scripto
1125 1315 1341 1392 confirmasse,
1364 1337 1423 1400 pro
1439 1315 1532 1379 nobis

481 1423 517 1482 et
538 1416 779 1482 successoribus
800 1417 933 1495 nostris,
957 1417 1077 1482 dilecto
1104 1423 1219 1484 nostro
1241 1417 1292 1483 W.
1315 1417 1356 1483 de
1380 1417 1531 1493 Pencher,

482 1542 541 1606 pro
564 1520 653 1585 fideli
688 1519 845 1605 obsequio
880 1541 940 1585 suo
970 1520 1067 1584 nobis
1101 1526 1133 1585 et
1166 1520 1279 1585 domui
1313 1527 1435 1586 nostras
1467 1519 1532 1584 effi-

481 1622 602 1687 caciter
624 1622 772 1706 impenso
796 1621 890 1684 etin
912 1619 1102 1706 posterum¹
1125 1621 1352 1707 impendendo,
1376 1621 1530 1687 cotidiam

481 1723 710 1788 liberationem
734 1723 769 1786 in
797 1722 888 1787 dicta
922 1722 1020 1786 domo
1052 1722 1092 1787 de
1125 1722 1243 1806 Kipier
1273 1723 1310 1787 in
1331 1722 1435 1788 forma
1458 1745 1532 1808 quae

480 1826 631 1910 sequitm·
661 1823 893 1910 possidendam
905 1847 913 1902 ;
950 1823 1113 1901 videlicet,
1148 1825 1309 1910 quamdiu
1346 1831 1462 1910 potens
1500 1831 1533 1888 et

480 1949 581 1992 sanus
603 1925 712 2002 fuerit,
747 1927 894 2012 gaudens
919 1927 1069 2012 ,eorporis
1100 1928 1268 2012 sospitate,
1293 1928 1379 1992 infre
1410 1928 1531 1992 dictam

480 2030 615 2094 domum
638 2029 675 2092 in
690 2029 827 2093 servitio
850 2028 989 2093 honesto
1007 2029 1095 2114 quod
1118 2029 1238 2115 eligere
1253 2029 1398 2095 voluerit
1419 2031 1532 2093 minis-

481 2131 591 2207 trabit,
608 2131 644 2194 in
667 2130 744 2194 aula
766 2129 940 2196 comedens
964 2131 1222 2208 cumfratribus,
1246 2137 1377 2196 etcum
1400 2131 1530 2206 eisdem,

480 2233 588 2317 quoad
611 2253 766 2308 mensam,
790 2233 826 2295 in
842 2231 995 2296 omnibus
1017 2237 1238 2318 percepturus.
1286 2233 1324 2298 Si
1347 2255 1424 2298 vero
1441 2235 1531 2298 senio

480 2334 664 2400 confractus
687 2333 742 2398 vel
773 2332 834 2398 tali
868 2333 1008 2398 adverse
1039 2334 1225 2399 valitudine
1258 2334 1360 2400 farerit
1391 2357 1530 2422 prsegmr

480 2440 587 2514 vatus,
611 2435 700 2521 quod
721 2435 765 2501 ad
787 2435 897 2500 aulam
920 2435 1071 2501 accedere
1093 2457 1161 2501 non
1188 2437 1334 2522 potuerit
1357 2437 1530 2512 commode,

479 2561 554 2604 cum
578 2537 735 2604 fratribus
758 2543 971 2614 comesturus,
996 2537 1032 2601 in
1053 2539 1124 2604 looo
1147 2539 1347 2624 competenti
1370 2539 1454 2604 infra
1474 2539 1530 2604 do

479 2662 571 2705 mum
594 2645 725 2706 tantem
756 2645 791 2704 et
822 2639 923 2704 talem
948 2639 1178 2706 liberationem
1209 2641 1247 2704 in
1277 2663 1372 2727 pane,
1394 2643 1430 2706 in
1463 2664 1529 2707 cer-

479 2744 575 2820 visia,
607 2743 731 2829 pariter
768 2747 803 2807 et
833 2741 984 2828 coquina,
1017 2748 1177 2827 quantam
1207 2749 1243 2808 et
1265 2743 1395 2828 qualem
1430 2745 1530 2809 frater

381 2903 387 2914 .
483 2845 537 2910 vel
557 2843 706 2910 sacerdos
728 2848 940 2930 percepturus
956 2847 1014 2920 est,
1030 2843 1059 2906 si
1082 2865 1156 2908 eum
1172 2845 1348 2930 contigerit
1363 2845 1528 2910 infirmari.

484 2946 702 3012 Concedimus
718 2945 819 3010 etiam
836 2945 942 3009 eidem
958 2943 1009 3010 W.
1025 2965 1126 3009 unam
1142 2945 1266 3023 robam,
1290 2947 1330 3011 de
1353 2953 1444 3012 secta
1465 2969 1529 3012 ser-

481 3051 645 3116 vientium
679 3055 875 3124 nostrorum,
907 3048 1151 3134 percipiendam
1189 3051 1286 3114 annis
1319 3050 1459 3136 singulis
1489 3051 1528 3114 de

480 3153 575 3218 nobis
598 3158 633 3218 et
655 3152 895 3218 successoribus
924 3151 1054 3228 nostris,
1078 3173 1146 3217 una
1176 3173 1252 3217 eum
1279 3175 1338 3217 sex
1361 3153 1474 3218 solidis
1496 3159 1528 3217 et

481 3261 553 3320 octo
577 3253 720 3319 denariis
742 3275 801 3338 pro
824 3253 898 3317 aliis
917 3253 1115 3330 necessariis,
1138 3254 1320 3319 annuatim.
1367 3255 1437 3319 Nos
1452 3277 1528 3320 vero

480 3364 515 3421 et
537 3375 737 3422 successores
769 3353 875 3420 nostri
909 3353 1033 3418 dictam
1064 3355 1302 3434 liberationem,
1326 3379 1400 3422 cum
1432 3357 1529 3424 dictis

480 3459 559 3524 roba
582 3463 616 3523 et
638 3479 696 3522 sex
719 3457 833 3521 solidis
856 3461 889 3520 et
912 3461 984 3521 octo
1012 3456 1163 3533 denariis,
1186 3458 1223 3522 in
1246 3459 1404 3543 praedicta
1425 3459 1528 3524 forms

480 3559 707 3646 percipiendis,
724 3557 937 3623 defendemus
960 3563 995 3622 et
1017 3559 1307 3625 warentizabimus
1330 3565 1444 3626 contra
1459 3583 1527 3626 om-

479 3683 545 3728 nes.
593 3661 634 3725 In
657 3660 751 3745 cujus
772 3659 829 3736 rei,
853 3665 912 3724 etc.

312 3877 356 3929 fol
370 3878 450 3930 1550,
480 3875 520 3924 De
572 3870 728 3937 operamne
822 3839 996 3904 Universis
1031 3838 1162 3905 Sanctae
1194 3841 1311 3906 Matris
1347 3842 1525 3928 [Ecclesiae]

312 3957 441 4008 Concem.
479 3939 584 4018 emm
600 3946 625 4018 ᾳ
642 3937 727 4002 h⁰⁸⁹i'
777 3941 855 4005 filiis
878 3947 992 4026 Pabeat
1021 3963 1080 4028 Per
1102 3949 1282 4028 praesentes
1313 3945 1401 4030 quod
1423 3967 1525 4010 nos-

311 4022 336 4072 in
365 4025 459 4074 there.
480 4007 580 4056 tabtate
604 4021 630 4054 m
647 4003 726 4054 eccle·

310 4105 327 4153 p
328 4040 371 4139 egra
372 4091 425 4140 tion
435 4090 465 4140 os
480 4073 518 4122 sia
537 4072 662 4131 mm,
680 4071 726 4122 „b
777 4041 966 4120 ²RicarduS,
1004 4045 1216 4130 permissione
1239 4046 1363 4122 divina,
1401 4047 1526 4112 Dunol-

311 4156 467 4206 mechense
480 4154 561 4202 pena.
776 4145 899 4210 mensis
925 4145 1103 4230 episcopus
1135 4147 1254 4212 dilecto
1289 4147 1358 4212 filio
1381 4148 1524 4214 Johanni

310 4221 396 4351 gig-{g
480 4251 520 4315 de
553 4251 704 4326 Pollowe‚
728 4249 960 4334 sequestratori
990 4253 1111 4326 nostro,
1144 4249 1293 4326 salutem,
1320 4247 1469 4335 graffium,
1492 4257 1525 4316 et

310 4353 447 4431 chureeor
479 4354 747 4420 benedictionem.
816 4349 999 4414 Visitantes
1037 4350 1115 4414 olim
1160 4357 1307 4416 nostrum
1351 4353 1523 4430 dioeceeim,

310 4417 441 4535 ἔφη
479 4455 658 4522 cancellum
689 4453 832 4519 eeclesiae
869 4451 1065 4537 parochialis
1097 4453 1137 4518 de
1169 4453 1389 4540 Wessington‚
1427 4477 1524 4540 quem

512 4654 520 4686 ¹
539 4657 694 4719 importarunt
704 4651 731 4701 in
745 4650 800 4701 MS.
1028 4651 1107 4710 word,
1118 4665 1199 4701 seems
1211 4659 1238 4702 to
1249 4651 1314 4703 have
1332 4653 1398 4704 been
1415 4653 1524 4706 inserted

511 4733 522 4766 ²
539 4733 596 4784 The
617 4729 761 4796 preceding,
778 4731 853 4780 down
875 4734 902 4778 to
925 4727 976 4778 this
1027 4729 1189 4794 bymistalre.
