3444 5792
660 851 846 902 axonam.
1218 839 1284 905 393

232 1042 379 1108 tualibus
402 1047 437 1110 et
462 1041 699 1127 temporalibus
726 1042 872 1108 salubria
894 1042 1052 1128 suscipiet
1074 1043 1285 1118 incrementa,
1299 1045 1368 1098 Μ).
1382 1052 1456 1100 131⁶·

232 1148 268 1207 et
292 1143 419 1210 inimici
451 1143 632 1220 memorati,
660 1143 704 1208 ad
735 1163 849 1229 pacem
871 1147 906 1208 et
928 1142 1206 1228 tranquillitatem
1229 1163 1286 1227 po-

232 1245 303 1330 puli
333 1245 440 1311 nostri
471 1250 507 1309 at
536 1243 754 1310 salvationem
789 1243 932 1311 eeclesiae
965 1244 1111 1330 partium
1145 1243 1285 1320 illarum,

232 1367 307 1412 cum
333 1348 398 1414 Dei
420 1348 582 1435 praesidio,
610 1347 781 1434 patientur
802 1347 975 1434 repulsam.
1022 1347 1205 1413 Conservet
1227 1368 1287 1411 vos

232 1450 424 1516 ditissimus
439 1450 483 1515 ad
500 1450 647 1536 regimen
669 1449 813 1516 ecclesiae
832 1471 900 1516 suae
919 1455 1041 1516 sauctae
1059 1471 1118 1537 per
1133 1455 1288 1540 'tempora

232 1551 392 1638 longaeva,
415 1556 476 1617 etc.

234 1753 375 1806 armantia
512 1751 631 1840 Papae¹
671 1774 731 1817 rex
763 1753 885 1818 devota
913 1752 1035 1839 pedum
1066 1752 1178 1818 oscula
1210 1751 1445 1817 benev-1³¹?

233 1820 301 1870 Nota
313 1821 385 1871 ΜΘ·
467 1861 586 1920 torum.
632 1855 696 1920 Pro
719 1855 924 1941 promotione
961 1853 1075 1920 dilecti
1109 1853 1218 1920 clerici
1252 1859 1287 1918 et
1299 1833 1362 1960 12⁰¹·
1375 1832 1438 1962 ⁵E⁵d⁶

235 1955 469 2040 consanguinei
491 1959 607 2036 nostri,
622 1959 772 2044 magistri
795 1957 962 2024 Lodewici
985 1956 1026 2022 de
1047 1957 1139 2022 Bello
1162 1957 1285 2034 Monta,
1298 1925 1369 2026 viii
1378 1977 1422 2028 the

234 2055 431 2122 thesaurarii
470 2058 723 2138 Sarisbinensis,
751 2060 794 2124 ad
825 2059 1049 2145 episcopatum
1083 2058 1286 2124 Dunelmen-
1299 2042 1437 2094 Seronato

234 2181 311 2238 sem,
329 2159 402 2245 jam
424 2168 608 2242 vacantem,
632 2184 706 2248 quae
737 2162 881 2227 multum
911 2162 1035 2226 insidet
1065 2160 1160 2226 nobis
1186 2161 1285 2238 cordi,
1298 2109 1441 2226 iliadii'io

235 2261 387 2348 quaeum
410 2263 538 2331 auara
569 2270 604 2330 a
634 2265 786 2330 scansus
816 2263 938 2329 nosos
967 2263 1135 2328 reomao
1157 2263 1198 2328 ‹10
1221 2261 1286 2328 va·
1299 2241 1413 2318 ‘hura

234 2364 349 2444 lancia,
372 2367 485 2432 comiti
515 2367 747 2446 Pembroehiae,
778 2365 1020 2452 consanguineo
1050 2371 1163 2430 nostro
1188 2308 1438 2432 caris-iiiiii?

235 2467 327 2544 simo,
350 2471 385 2532 et
407 2467 554 2535 Antonio
576 2469 732 2555 Pessaign
747 2469 789 2534 de
804 2468 922 2546 danna,
938 2467 1048 2545 militi,
1069 2467 1286 2552 injunximus,
1299 2439 1444 2557 {oppignorat

235 2574 355 2633 vestrm
376 2568 578 2636 beatitudini
602 2592 644 2636 ex
666 2575 761 2657 parte
783 2575 897 2635 nostra
919 2569 1050 2655 plenius
1074 2569 1428 2655 exponenda;bish0rae

236 2670 407 2736 sanctitati
430 2677 549 2738 vestrae
580 2673 709 2738 devotis
739 2672 891 2758 precibus
921 2670 1151 2758 supplicantes,
1178 2637 1456 2756 quati-mmm

236 2793 300 2836 nus
322 2773 446 2838 eisdem
477 2773 590 2841 comiti
621 2780 656 2840 et
685 2773 785 2838 militi
816 2773 853 2837 in
879 2773 944 2837 hiis
976 2795 1050 2860 quas
1072 2778 1192 2839 vestrae
1224 2773 1287 2839 cle-

236 2871 370 2939 mentiae
401 2875 438 2938 in
469 2875 655 2960 praemissis,
678 2897 721 2939 ex
752 2881 847 2961 parte
878 2879 999 2952 nostra,
1023 2874 1181 2939 duxerint
1203 2874 1285 2940 refe·

237 2975 348 3052 renda,
371 2975 552 3062 benignum
574 2976 726 3042 auditum
750 2977 903 3063 praebere,
918 2975 1083 3060 fidemque
1104 2975 1286 3062 plenariam

236 3075 401 3152 adhibere,
415 3083 450 3142 at
464 3077 568 3143 relata
589 3077 780 3163 hujusmodi
802 3099 862 3164 par
878 3077 1009 3143 eosdem
1024 3077 1139 3142 votivo
1154 3077 1285 3143 effectui

235 3179 418 3266 dignemini
447 3181 644 3268 mancipare.
703 3180 893 3258 Conservet,
917 3185 976 3247 etc.
1033 3180 1172 3266 [Datum
1195 3181 1286 3266 apud

237 3282 341 3367 Layc’,
364 3279 448 3348 xix⁰.
472 3283 527 3349 die
548 3282 725 3368 Januarii.]

261 3538 275 3571 e
391 3521 397 3536 ·
458 3558 465 3584 ‚
546 3482 670 3570 Papae²
693 3505 752 3550 rex
783 3483 904 3550 devota
932 3483 1054 3568 pedum
1077 3483 1188 3549 oscula
1210 3484 1285 3549 bea·
1298 3483 1342 3534 fol.
1355 3485 1396 3534 ⁵⁷·

501 3591 619 3652 torum
678 3585 816 3652 Summa
842 3585 1054 3672 jocunditate
1084 3586 1121 3650 in
1142 3586 1286 3652 Domino
1299 3558 1443 3690 mili„

235 3689 440 3765 laetabamur,
456 3709 531 3754 oum
554 3688 595 3753 de
617 3687 827 3774 praefectione
849 3686 1031 3773 praedilecti
1053 3688 1287 3774 consanguinei
1300 3691 1415 3742 ofnoun

236 3791 341 3856 nostri
364 3789 516 3877 Magistri
540 3789 705 3856 Lodewici
729 3789 770 3854 de
793 3789 886 3854 Bello
902 3789 1017 3854 Monte
1039 3789 1076 3853 in
1099 3790 1287 3877 episcopum
1300 3757 1424 3874 ffonssffl'

236 3892 492 3958 Dunelmensem
515 3892 555 3957 de
578 3897 698 3957 vestrae
724 3890 941 3976 benignitatis
972 3890 1142 3956 affluentia
1164 3892 1207 3956 ad
1229 3889 1455 4006 ho-ffcegffi·

236 4015 349 4060 norem
371 3994 435 4059 Dei
458 3999 493 4058 et
518 3993 625 4059 nostri
659 3993 854 4057 instantiam
886 3992 974 4057 faeta
1007 3993 1052 4057 ad
1085 4013 1145 4058 nos
1176 4015 1368 4072 rumorhm,

237 4101 431 4182 pervenerat
452 4099 654 4182 peroptatus,
671 4115 770 4179 super
792 4114 858 4179 quo
877 4097 997 4158 vestrae
1020 4093 1222 4159 beatitudini
1245 4096 1288 4160 ad

237 4203 347 4284 grates
380 4194 548 4282 quantas³
579 4217 751 4282 possumus
785 4193 987 4280 assurgimus
1018 4194 1183 4280 speciales,
1215 4218 1287 4283 spe·

237 4306 348 4366 rantes
381 4299 469 4384 quod
506 4321 565 4384 per
598 4297 819 4383 provisionem
854 4297 1047 4382 praedictam
1079 4319 1146 4362 non
1180 4298 1286 4364 solum

237 4402 327 4466 illius
349 4401 491 4467 eeclesiae
514 4401 550 4464 in
577 4399 805 4486 spiritualibus
837 4403 871 4462 et
902 4399 1148 4484 temporalibus,
1172 4422 1287 4465 verum

240 4539 374 4546 -.κ-μ.-
390 4539 404 4544 -
418 4537 543 4544 —.-.-.-..
556 4537 651 4544 *-
681 4537 766 4542 --.--
790 4535 929 4542 -----.-

271 4605 417 4656 ¹Enrollad
443 4620 477 4655 on
504 4605 587 4654 “Rot.
610 4605 685 4654 Rom.
713 4610 739 4654 et
820 4601 1200 4665 ²Ibid.,manrb.2‚indorso.

238 4685 355 4746 Fraue.,”
378 4683 548 4745 loltdw.11.,
567 4683 658 4734 memb.
672 4688 696 4742 3,
710 4681 738 4732 in
820 4681 1063 4748 ³quanteuiuMS.

237 4767 320 4818 dorso.
