3444 5792
467 863 534 926 434
901 874 1086 924 memma

468 1103 733 1223 sessim
766 1054 1522 1244 thatttthghmtdlffflttt

323 1207 377 1241 OM
723 1201 734 1211 ¹

300 1259 443 1336 leaerapk-
468 1237 521 1288 ffi⁰'
766 1265 880 1326 nostro
902 1259 938 1324 in
962 1259 1095 1326 Christo
1117 1259 1284 1326 osrissimo
1301 1258 1354 1324 W.
1372 1257 1523 1341 deglab-

301 1341 309 1372 ¹
336 1381 342 1390 '
366 1427 373 1442 ,
467 1373 580 1444 eastre,
613 1365 770 1453 burgensi
787 1355 790 1362 ’
807 1363 953 1442 Oestriae,
985 1363 1136 1440 salutem,
1169 1363 1313 1450 gratiam
1353 1369 1391 1428 et
1425 1362 1522 1426 bene-

467 1468 653 1534 dictionem.
700 1467 764 1534 Pro
779 1465 900 1532 dileeto
921 1471 1035 1532 nostro
1057 1466 1095 1530 in
1118 1465 1251 1530 Christo
1273 1465 1406 1530 Thoma
1427 1464 1471 1528 de
1491 1462 1522 1526 la

467 1569 553 1636 Dale
578 1591 688 1657 presse
711 1569 806 1636 vobis
827 1567 1026 1654 porrigimus
1055 1567 1219 1653 speciales,
1241 1567 1428 1634 amicitiam
1452 1585 1523 1630 ves·

466 1675 554 1738 tram
586 1693 629 1737 ex
659 1671 757 1738 eorde
788 1675 943 1756 rogantes
964 1668 1123 1754 quatinus
1161 1669 1268 1734 eidem
1300 1668 1337 1732 in
1375 1665 1521 1753 negotiis

467 1794 543 1858 quae
565 1773 602 1838 in
624 1773 706 1840 villa
728 1772 866 1839 Gestrise
889 1793 948 1837 seu
970 1771 1050 1838 loeis
1072 1771 1191 1838 vicinis
1213 1769 1424 1858 expedienda
1451 1767 1521 1854 jam

466 1874 577 1954 babet,
599 1896 638 1942 so
668 1875 770 1941 etiam
803 1873 1039 1961 prosequenda
1071 1873 1252 1952 eonsilium,
1276 1873 1455 1947 auxilium,
1489 1873 1522 1933 et

467 1977 614 2042 favonem
637 1997 711 2062 quae
733 1975 893 2062 poteritis,
916 1975 1078 2040 inoffensa
1096 1974 1240 2060 justitia,
1255 1974 1320 2038 sibi
1341 1970 1520 2060 impertiri,

467 2098 507 2144 aa
528 2079 571 2144 ab
592 2078 667 2144 aliis
689 2078 802 2144 velitis
824 2077 887 2144 hoo
907 2076 1116 2142 familiariter
1146 2097 1320 2162 procurare
1332 2099 1340 2154 ;
1375 2075 1463 2140 adeo
1483 2077 1520 2136 ut

467 2181 528 2246 bas
550 2203 661 2267 preses
683 2187 812 2247 nostras
845 2179 910 2245 sibi
932 2180 1057 2246 sentiat
1087 2179 1304 2246 effectualiter
1334 2177 1518 2264 profecisse

467 2283 585 2352 Valete
607 2285 645 2350 in
666 2283 818 2351 Domino.

299 2541 345 2594 fol.
359 2541 437 2595 1⁷1⁶.
467 2547 734 2604 metensibus,
766 2481 1518 2671 Dgfflergzihffihlfflppatgaffipfiffl

298 2619 448 2806 &Milia
466 2685 570 2750 totius
592 2686 724 2774 Angliae
747 2607 1088 2766 Primaiianieardrs,
1111 2687 1269 2774 Ejusdem
1294 2687 1516 2773 permissione,

297 2767 411 2871 „iiim
466 2785 700 2853 Dunolmensis
731 2790 874 2856 eeclesiae
907 2790 1060 2856 minister
1081 2789 1226 2867 humilis,
1258 2789 1411 2866 salutem,
1444 2809 1515 2854 eum

298 2883 454 2952 sisyntone.
467 2887 588 2954 devota
609 2891 871 2976 promptitudine
900 2892 1094 2958 reverentis
1116 2897 1152 2958 et
1180 2891 1319 2956 honoris.
1367 2889 1517 2955 Praeteri-

464 2993 574 3054 torum
598 2992 836 3068 ,oonsiderstio
873 3015 933 3058 nos
971 2993 1086 3060 edoeet
1121 2993 1346 3080 probabiliter,
1392 2997 1516 3078 quante

464 3091 702 3159 benevolentis
724 3094 933 3180 plenitudine
954 3116 1129 3181 personam
1151 3101 1299 3161 nostram
1321 3093 1514 3180 astringitis,

463 3197 578 3260 nostra
607 3201 859 3282 nostrorumque
890 3198 1025 3284 negotia
1054 3197 1206 3263 habendo
1237 3197 1362 3282 ubique
1396 3197 1514 3262 affeetu

464 3295 608 3381 propitio
641 3297 890 3379 sommendata3
925 3299 965 3364 de
1000 3321 1067 3384 quo
1097 3305 1218 3365 vestras
1249 3297 1454 3363 Oelsitudini
1475 3296 1514 3361 ad

464 3417 675 3483 quascunque
720 3421 894 3486 possumus
939 3401 1122 3486 gratiarum
1159 3401 1362 3486 assurgimus
1399 3399 1514 3464 uberes

463 3498 617 3564 actiones.
665 3499 867 3588 Oeneeptam
898 3525 976 3589 erga
997 3524 1057 3568 nos
1079 3503 1184 3588 igitur
1214 3501 1424 3567 affectionem
1447 3501 1515 3566 sins

464 3601 581 3686 quavis
614 3601 836 3690 discrepantia
868 3605 1059 3670 continuam
1081 3605 1143 3670 sub
1174 3625 1295 3691 magns
1316 3603 1515 3670 confidentis

463 3711 694 3789 supponentes,
731 3712 852 3773 vestrae
895 3707 1091 3773 Sanctitatis
1135 3707 1352 3786 elementiam,
1392 3711 1515 3792 quanta

464 3825 638 3890 possumus
679 3807 850 3886 instantia,
895 3809 1099 3875 viseeraliter
1146 3829 1320 3884 exoramus
1358 3810 1515 3894 quatinus

465 3905 585 3972 dilecto
611 3907 727 3974 clerieo
760 3915 873 3976 nostro
896 3911 1055 3997 magistro
1086 3909 1117 3976 J.
1141 3911 1182 3975 de
1205 3911 1410 3996 Snayntone,
1431 3933 1514 3997 prm-

464 4009 608 4073 sentium
631 4009 751 4095 bajulo,
775 4012 812 4076 in
844 4011 992 4078 dicendis
1014 4035 1058 4078 ex
1091 4017 1206 4078 nostra
1238 4016 1333 4099 parte
1354 4011 1463 4090 fidem,
1487 4013 1514 4078 si

463 4109 580 4195 plaeet,
601 4112 768 4178 credulam
801 4113 1006 4192 adhibentes,
1031 4115 1137 4180 eidem
1167 4115 1204 4179 in
1237 4114 1396 4201 expositis
1419 4115 1514 4180 vobis

462 4212 605 4298 negotiis
641 4213 754 4279 edesse
792 4213 974 4301 dignemini
1013 4216 1135 4281 favoris
1170 4217 1324 4302 praesidio
1360 4217 1513 4302 gratioso.

462 4311 582 4380 Valeat
608 4313 646 4378 in
680 4313 814 4381 Christo
839 4317 977 4402 [vestra]
1010 4317 1197 4384 Paternitas
1226 4319 1263 4384 in
1284 4339 1513 4407 prosperorum

462 4435 670 4482 suooessuum
693 4417 860 4484 continuis
882 4419 1101 4486 incrementis.

494 4695 502 4727 ¹
519 4695 581 4746 'l'his
593 4711 645 4746 ves
656 4697 784 4762 probably
795 4695 916 4749 obtained
927 4699 963 4764 by
973 4697 1088 4750 Biobard
1103 4701 1135 4751 de
1152 4700 1233 4766 Bury,
1244 4715 1274 4752 es
1284 4715 1300 4752 a
1310 4713 1427 4751 oommon
1437 4700 1513 4764 lom,

458 4773 532 4825 when
545 4775 723 4828 chamberlain
734 4775 764 4828 of
773 4775 888 4830 chester.
