3444 5792
470 801 536 868 380
903 817 1088 868 axonam

300 1011 369 1065 an.
383 1015 455 1066 1³1⁴.
467 1005 660 1088 quantaque
689 1002 812 1070 mmm
845 1003 907 1090 [et]
938 1003 1093 1070 seandala
1123 1004 1160 1070 in
1191 1003 1342 1070 futurum
1372 1007 1523 1092 poterint

467 1103 588 1170 exinde
610 1104 838 1171 verisimiliter
860 1105 1039 1184 formidari,
1055 1106 1269 1193 saepedictum
1290 1128 1413 1192 equum
1436 1128 1522 1193 praa-

466 1207 536 1273 lato
573 1207 692 1273 rectori
729 1213 765 1274 et
798 1209 943 1276 ecelesiae
980 1231 1059 1287 suae,
1092 1211 1225 1276 nomine
1262 1211 1447 1288 mortuarii,
1481 1215 1524 1274 ut

466 1309 613 1388 debetur,
654 1310 726 1375 sine
766 1311 937 1376 tarditatis
975 1310 1171 1378 offendiculo
1207 1312 1340 1377 restitui
1380 1311 1521 1378 faciatis

468 1410 565 1490 Quod
602 1411 631 1476 si
669 1410 837 1490 benevolo,
872 1413 943 1478 sine
976 1413 1047 1478 litis
1084 1413 1318 1500 experimento,
1355 1413 1524 1479 duxeritis

466 1511 661 1590 faciendum,
695 1513 837 1578 eundem
870 1514 1024 1580 clericum
1054 1515 1204 1581 invenire
1235 1515 1363 1581 debetis
1401 1516 1524 1582 merito

466 1615 710 1700 promptiorem,
749 1615 778 1680 si
815 1637 913 1680 suum
950 1617 1045 1682 vobis
1081 1617 1184 1682 fuerit
1219 1617 1451 1694 ministerium,
1487 1617 1524 1680 in

466 1716 587 1782 vestris
608 1716 751 1802 negotiis
774 1723 1006 1803 opportunum.
1053 1717 1161 1798 Quem
1182 1718 1211 1784 si
1228 1719 1401 1806 oontingat
1421 1739 1525 1805 super

466 1839 506 1883 oo
532 1817 589 1903 jus
622 1839 722 1882 snum
755 1819 927 1885 vobisoum
960 1819 1167 1906 judicialiter
1203 1821 1353 1906 experiri,
1390 1820 1523 1886 dietum

466 1915 611 2003 equum¹
633 1918 743 2004 ipsum
765 1939 834 1984 non
849 1920 1042 1985 dubitamus
1059 1943 1081 1986 a
1094 1921 1190 1986 vobis
1204 1921 1373 1999 evinoere;
1394 1941 1523 2006 nosque

466 2024 501 2085 et
523 2019 665 2084 eundem
688 2019 842 2087 clericum
871 2021 908 2085 in
938 2021 1004 2086 biis
1026 2043 1102 2107 quae
1124 2043 1224 2108 penos
1253 2043 1313 2087 nos
1335 2021 1523 2086 habueritis

465 2119 616 2186 facienda
663 2119 774 2187 minus
813 2122 975 2210 obligatos
1020 2123 1247 2210 reputabimus
1289 2128 1324 2189 ot
1359 2123 1521 2190 astrictos

467 2221 587 2289 Valeat
610 2223 708 2310 [otoJ.

299 2389 369 2442 Ab.
381 2393 454 2442 1³1³.
467 2411 582 2464 Lim,
592 2412 732 2474 ordinandi
810 2383 1003 2449 Reverendo
1027 2383 1233 2450 discretionis
1256 2385 1339 2463 viro,
1358 2391 1393 2450 et
1413 2384 1521 2451 amieo

298 2469 343 2521 ¹⁰¹·
357 2473 413 2520 ¹²⁴·
466 2485 515 2530 0⁸⁰·
764 2485 801 2548 in
838 2485 982 2550 Domino
1024 2485 1224 2572 praedileoto,
1262 2487 1417 2574 magistro
1461 2487 1522 2551 Ri-

298 2546 449 2666 ,lffi
466 2585 564 2653 ardo
595 2585 635 2651 ‹10
669 2585 793 2666 oestro,
824 2587 912 2674 Juns
943 2589 1093 2655 canonis
1130 2588 1317 2669 Parmos,
1351 2589 1520 2667 auidus

299 2679 361 2733 ‘5⁰¹²-
466 2687 678 2774 permissione
702 2687 825 2766 divina,
849 2688 1087 2755 Dunolmensis
1109 2690 1298 2777 Episcopus,
1321 2691 1461 2756 salutem
1484 2691 1521 2756 in

467 2789 674 2876 amplexibus
698 2788 887 2856 Salvator-is.
937 2791 1102 2872 Quoniam
1124 2792 1266 2860 dilectus
1287 2793 1376 2858 filius
1396 2800 1519 2871 noster,

467 2889 620 2955 dominus
642 2889 784 2957 Thomas
821 2891 852 2956 le
885 2891 1109 2971 Hessewelle,¹
1141 2893 1307 2971 diaeonus,
1333 2900 1438 2960 rector
1470 2916 1522 2961 eo·

466 2989 574 3056 elesiae
597 2990 639 3056 de
662 2990 855 3078 Seggisfeld,
878 2997 1000 3058 nostrae
1031 2993 1188 3072 dioecesis
1212 2995 1249 3058 in
1271 2994 1397 3060 ultimis
1429 2995 1520 3061 ordi-

466 3091 565 3157 nibus
589 3113 671 3178 quos
693 3093 730 3157 in
753 3094 827 3158 istis
849 3095 1001 3180 partibus
1024 3095 1270 3174 celebravimus,
1293 3102 1389 3163 tanta
1409 3096 1520 3164 fuerat

466 3191 664 3277 aegritudine
697 3195 910 3282 praepeditus,
942 3196 1032 3282 quod
1067 3197 1111 3262 ad
1144 3218 1207 3276 eos,
1240 3204 1281 3263 ut
1313 3199 1520 3285 disposuerat
1567 3217 1568 3220 ’

466 3293 618 3359 aeoodere
650 3316 719 3360 non
745 3297 858 3382 potuit
887 3297 1101 3376 ordinandus,
1133 3298 1343 3366 dilectionem
1374 3305 1517 3366 vestram
1623 3281 1632 3298 ’

466 3395 665 3481 requirimus
703 3402 738 3463 et
770 3419 932 3485 rogamus,
967 3400 1125 3484 quatinus
1162 3422 1264 3487 penes
1294 3402 1519 3467 venerandum

466 3503 595 3584 patrem
610 3504 645 3565 et
654 3499 826 3565 dominum
844 3508 989 3568 vestrum
1000 3502 1114 3568 velitis
1125 3501 1299 3571 effioaoiter
1312 3505 1518 3591 interponere

466 3621 578 3686 praees
601 3607 737 3680 vestras,
760 3608 801 3669 ut
822 3603 918 3669 nobis
941 3603 1111 3670 licentiam
1141 3605 1315 3692 indulgeat
1343 3607 1516 3693 praefatum

467 3701 638 3766 dominum
661 3702 821 3769 Thomam
845 3705 907 3770 hoe
929 3705 1071 3771 instanti
1096 3711 1209 3772 saneto
1225 3705 1371 3773 Sabbeto
1386 3707 1516 3774 Pasohae

466 3801 503 3866 in
519 3801 655 3889 Capella
676 3810 790 3869 nostra
813 3805 867 3870 del
889 3805 1108 3872 Wollehalle²
1129 3807 1166 3872 in
1180 3809 1410 3894 presbyterum
1433 3809 1515 3876 ordi-

466 3905 578 3984 nandi,
594 3905 697 3984 nobis,
714 3905 741 3970 si
765 3906 900 3992 placeat,
918 3929 977 3994 por
999 3909 1212 3994 praesentium
1235 3910 1385 3996 bajulum
1406 3911 1515 3976 literas

467 4003 565 4094 super
587 4007 677 4074 diota
698 4008 833 4075 boeotia
855 4009 1067 4076 destinantes.
1115 4010 1238 4078 Valete.
1285 4011 1419 4092 Datum,
1435 4019 1491 4080 eta

196 4241 197 4245 ¹
295 4182 342 4233 ἰοὶ
355 4185 411 4276 Ψ·
467 4185 723 4268 &amissionum-
800 4191 969 4270 Rioardua,
1001 4191 1215 4278 permissione
1245 4193 1369 4272 divina,
1393 4193 1514 4260 Dunel·

299 4262 425 4315 comme.
467 4255 616 4319 qurrendum
637 4261 723 4304 utrum
850 4293 858 4307 ,
963 4292 970 4308 ,
1153 4295 1160 4309 ,
1317 4297 1325 4311 ,
1462 4297 1469 4311 .
1504 4297 1511 4311 ι

299 4329 395 4380 sona
465 4319 723 4384 aliquisobiitintes·
755 4313 877 4358 menam
909 4293 1099 4380 Eprsoopus,
1127 4295 1247 4361 dilecto
1277 4295 1356 4374 fiho,
1389 4295 1514 4364 offiuah

299 4393 402 4460 anquira
465 4391 541 4437 atus.
757 4393 883 4460 domini
916 4393 1150 4462 Arebidiaooni
1181 4395 1440 4476 Northumbriae‚
1465 4419 1513 4464 sa·

501 4649 509 4682 ¹
527 4649 577 4702 See
588 4649 639 4700 vol.
652 4648 669 4698 i.
681 4665 707 4713 p.
720 4652 778 4698 aab.
1047 4645 1059 4680 ⁸
1075 4645 1251 4700 Writtenino
1263 4647 1334 4702 haud
1352 4648 1383 4702 of
1394 4649 1438 4702 tire
1456 4648 1512 4702 litt

499 4729 510 4765 ²
528 4730 601 4784 More
613 4727 745 4797 eorreotly,
759 4723 912 4779 wezelone.
1015 4730 1130 4793 century.
