3444 5792
644 893 831 944 nxcrnrrr.
1197 879 1260 944 381

214 1079 328 1158 lutsm,
339 1071 490 1166 gretiam,
506 1083 542 1146 et
555 1079 826 1146 benedictionem.
857 1077 1047 1144 Assertione
1059 1077 1266 1164 quorundam
1278 1094 1348 1146 AD.
1360 1099 1433 1148 ra1s.

214 1181 441 1269 intelligimus,
464 1180 523 1268 qui
546 1203 581 1248 sa
607 1181 752 1248 offerunt
780 1179 928 1268 legitime
950 1179 1154 1267 probaturos,
1178 1179 1267 1266 quod
1278 1173 1434 1241 ⁰⁰⁰⁰0¹¹¹l¹18

214 1285 349 1373 quum
375 1284 563 1352 wilermus
586 1284 628 1350 se
652 1283 818 1352 omboes
847 1304 954 1370 nuper
978 1283 1015 1348 in
1039 1283 1152 1350 sesua
1177 1283 1265 1348 usn
1278 1241 1422 1371 deludi?

214 1387 370 1453 claudens
391 1391 587 1464 extremum,
601 1383 763 1452 nonnulla
784 1384 872 1450 bona
893 1385 930 1449 in
951 1383 1106 1450 manibus
1121 1384 1266 1450 diverso·
1277 1373 1425 1491 g'tffl'ffl

215 1509 289 1553 rum
312 1487 511 1554 creditorum
537 1486 665 1566 habuit,
688 1491 723 1553 et
745 1486 846 1552 etiem
876 1486 1025 1564 aliorum,
1048 1487 1107 1572 qui
1137 1507 1177 1553 ea
1193 1487 1266 1573 jam
1428 1477 1434 1491 '

215 1588 387 1656 ooneelant
409 1594 444 1655 et
466 1588 642 1667 oscultant,
657 1588 745 1654 inira
767 1587 1069 1656 menidiseonatum
1082 1587 1266 1654 Nerthum-

215 1689 375 1768 brenssm,
397 1689 528 1756 nullum
558 1689 638 1757 feeit
666 1694 913 1768 testamentum,
936 1709 997 1756 nee
1017 1694 1097 1755 ante
1126 1694 1266 1755 mortem

216 1813 310 1858 suam
336 1791 525 1878 aliqualiter
551 1791 715 1879 disposuit
739 1791 780 1857 de
806 1791 946 1856 eisdem:
977 1811 1166 1878 quanquam
1192 1791 1265 1878 qui-

216 1893 302 1972 dam,
325 1893 568 1980 praetendentes
593 1915 628 1959 se
650 1892 733 1959 dieti
758 1891 917 1958 Willelmi
942 1897 1141 1972 executores,
1163 1898 1265 1958 testa-

217 2001 367 2061 mentum
395 1994 562 2082 quoddam
592 1994 708 2062 fiotum
738 2015 848 2062 eoram
885 1999 1125 2080 sequestratore
1153 1999 1267 2060 nostro

216 2097 406 2184 probarunt,
429 2101 470 2162 ut
499 2095 589 2175 dicit,
623 2101 658 2162 et
687 2095 735 2164 sie
756 2096 1076 2162 administrationem
1107 2097 1268 2163 bonorum

217 2199 282 2264 sibi
312 2197 476 2265 committi
506 2197 643 2264 subdole
665 2197 879 2277 obtinebant3
908 2197 996 2263 unde
1026 2197 1268 2284 praemissorum

216 2301 394 2367 veritatem
427 2300 509 2367 seire
547 2299 725 2387 perintime
759 2299 938 2386 cupientes,
971 2303 1006 2364 et
1043 2299 1084 2364 de
1114 2299 1194 2386 ipsis
1231 2299 1269 2364 in

217 2408 341 2469 eventu
372 2402 444 2468 fieri
467 2402 557 2488 quod
579 2401 768 2490 oongruerit
797 2401 926 2480 rationi,
949 2401 1045 2468 vobis
1074 2401 1269 2468 mandamus

218 2504 385 2590 quatinus,
401 2504 430 2570 si
452 2526 511 2591 per
525 2503 647 2570 famam
668 2503 836 2591 publioam
857 2503 1068 2590 probationes
1082 2503 1269 2589 aliquorum

216 2606 272 2672 vel
300 2606 414 2692 aliqua
439 2605 638 2673 documenta
662 2604 794 2672 veraoia
815 2605 911 2671 vobis
943 2611 1093 2672 oonstere
1123 2603 1269 2693 poterit¹

218 2707 345 2774 dietum
367 2707 571 2773 Willelmum
593 2706 636 2773 ab
659 2707 818 2773 intestato
841 2706 1023 2786 decessisse,
1042 2712 1082 2773 ut
1103 2707 1268 2785 asseritur,

218 2808 273 2876 vel
295 2831 350 2876 eos
372 2810 431 2896 qui
453 2831 488 2876 se
510 2809 628 2877 dieunt
654 2813 846 2876 executores
868 2830 927 2895 per
948 2812 1051 2874 testes
1073 2808 1269 2875 subornatos

219 2911 346 2978 dietum
376 2914 623 2989 testamentum,
655 2931 714 2978 seu
747 2909 858 2975 minus
891 2909 1038 2997 legitime
1071 2909 1271 2996 probavisse,

219 3034 333 3082 omnes
364 3019 399 3082 et
429 3013 576 3102 singulos
607 3035 707 3100 penes
739 3033 821 3099 quos
851 3013 1043 3100 hujusmodi
1073 3015 1160 3082 bona
1190 3015 1271 3080 resi·

220 3117 302 3184 dent
333 3117 496 3184 moneatis
527 3115 674 3202 legitime
705 3119 741 3180 et
772 3113 945 3182 efficaciter
976 3116 1152 3196 induoatis,
1183 3115 1272 3203 quod

220 3219 308 3285 infra
329 3224 457 3285 eertum
472 3217 660 3296 terminum,
683 3239 743 3304 per
764 3237 824 3283 vos
846 3217 894 3283 ais
916 3217 1161 3304 assignandum,
1180 3219 1272 3305 quio·

222 3320 303 3406 quid
326 3319 454 3386 habent
478 3319 638 3386 debonis
661 3318 742 3386 dieti
765 3317 914 3384 defimoti
937 3318 1032 3385 vobis
1055 3319 1214 3408 detegant
1236 3323 1272 3386 et

220 3421 388 3502 revelent3
417 3421 454 3487 in
480 3421 708 3508 quibuscum
738 3420 886 3487 revelate
914 3420 1048 3500 fuerint,
1071 3427 1107 3488 et
1132 3422 1271 3503 detecta,

221 3529 426 3611 sequestrum
448 3523 659 3602 artissimum,
675 3522 746 3589 sine
768 3522 925 3589 mandato
946 3527 1060 3590 nostro
1081 3543 1150 3590 non
1164 3523 1272 3591 relax·

221 3626 354 3705 andum,
375 3625 490 3693 statim
512 3625 667 3691 volumus
690 3623 875 3711 interponi;
896 3623 1045 3711 alioquin
1067 3625 1156 3713 ipsos
1170 3625 1214 3692 ad
1235 3626 1273 3691 id

221 3749 281 3814 per
295 3728 476 3794 sententias
498 3726 729 3814 propensionis,
751 3727 1111 3807 excommunicationis,
1133 3734 1169 3795 et
1190 3728 1272 3795 alies

220 3829 293 3895 vias
315 3827 435 3914 quibus
450 3827 555 3916 magis
577 3827 727 3914 expediri
749 3827 925 3894 videritis²
940 3827 977 3894 in
998 3829 1144 3896 ecelesiis
1166 3829 1272 3896 totius

222 3929 515 4010 archidiaoonatus,
539 3929 702 4017 capitulis,
734 3935 769 3996 et
797 3927 877 3996 loeis
906 3929 989 4009 aliis,
1022 3936 1122 4016 prout
1154 3951 1272 4018 oppor-

222 4031 368 4101 tunum⁸
399 4033 576 4113 crederitis,
609 4032 820 4120 oompsllatis.
882 4033 928 4098 Et
957 4033 1039 4119 quid
1068 4033 1271 4113 inveneritis,

222 4141 446 4223 quantamque
468 4135 641 4222 pecuniam
663 4133 718 4200 vel
740 4133 827 4200 bona
848 4133 922 4212 alia,
945 4133 982 4199 in
1004 4155 1144 4222 quorum
1165 4135 1272 4201 meni·

222 4239 284 4304 bus
307 4237 470 4304 duxeritis
500 4235 742 4323 sequestranda
765 4235 862 4302 nobis
884 4236 1006 4302 curatis
1031 4236 1187 4303 intimare
1213 4257 1273 4324 por

222 4343 350 4406 vestras
372 4342 524 4426 patentes
546 4337 667 4418 literas,
694 4357 769 4425 quas
791 4335 909 4405 harum
931 4337 1049 4405 seriem
1070 4337 1271 4418 eontineant,

221 4463 298 4510 eum
320 4441 439 4508 exinde
460 4439 591 4508 fueritis
611 4439 770 4528 requisiti

258 4731 675 4801 ¹poorlnr‚sppuenu5,inus.
806 4729 1086 4800 ‘apamiam

255 4815 267 4850 ²
283 4815 369 4866 vidltis
380 4813 407 4865 ln
418 4813 477 4867 MS.
