<?xml version="1.0" encoding="UTF-8"?>
<!DOCTYPE html PUBLIC "-//W3C//DTD XHTML 1.0 Transitional//EN"
    "http://www.w3.org/TR/xhtml1/DTD/xhtml1-transitional.dtd">
<html xmlns="http://www.w3.org/1999/xhtml" xml:lang="en" lang="en">
 <head>
  <title>
</title>
<meta http-equiv="Content-Type" content="text/html;charset=utf-8" />
  <meta name='ocr-system' content='tesseract 3.04.00' />
  <meta name='ocr-capabilities' content='ocr_page ocr_carea ocr_par ocr_line ocrx_word'/>
</head>
<body>
  <div class='ocr_page' id='page_1' title='image "./registrumpalati00hardgoog_0678.png"; bbox 0 0 3438 5788; ppageno 0'>
   <div class='ocr_carea' id='block_1_1' title="bbox 445 805 1067 870">
    <p class='ocr_par' dir='ltr' id='par_1_1' title="bbox 445 805 1067 870">
     <span class='ocr_line' id='line_1_1' title="bbox 445 805 1067 870; baseline 0 0"><span class='ocrx_word' id='word_1_1' title='bbox 445 805 510 870; x_wconf 74' lang='lat' dir='ltr'><strong>too</strong></span> <span class='ocrx_word' id='word_1_2' title='bbox 880 819 1067 870; x_wconf 75' lang='lat' dir='ltr'><strong>uxorum</strong></span> 
     </span>
    </p>
   </div>
   <div class='ocr_carea' id='block_1_2' title="bbox 278 1004 1503 4466">
    <p class='ocr_par' dir='ltr' id='par_1_2' title="bbox 278 1004 1503 4466">
     <span class='ocr_line' id='line_1_2' title="bbox 280 1004 1503 1094; baseline 0 -24"><span class='ocrx_word' id='word_1_3' title='bbox 280 1013 406 1066; x_wconf 74' lang='lat' dir='ltr'><strong>mesor</strong></span> <span class='ocrx_word' id='word_1_4' title='bbox 446 1005 605 1072; x_wconf 86' lang='lat' dir='ltr'><strong>Thomam</strong></span> <span class='ocrx_word' id='word_1_5' title='bbox 640 1007 681 1073; x_wconf 89' lang='lat' dir='ltr'><strong>de</strong></span> <span class='ocrx_word' id='word_1_6' title='bbox 704 1006 923 1074; x_wconf 83' lang='lat' dir='ltr'><strong>Hesselwell¹</strong></span> <span class='ocrx_word' id='word_1_7' title='bbox 956 1013 992 1073; x_wconf 88' lang='lat' dir='ltr'><strong>et</strong></span> <span class='ocrx_word' id='word_1_8' title='bbox 1017 1008 1213 1094; x_wconf 81' lang='lat' dir='ltr'><strong>magistrum</strong></span> <span class='ocrx_word' id='word_1_9' title='bbox 1234 1005 1429 1072; x_wconf 83' lang='lat' dir='ltr'><strong>Johannem</strong></span> <span class='ocrx_word' id='word_1_10' title='bbox 1460 1004 1503 1070; x_wconf 91' lang='lat' dir='ltr'><strong>de</strong></span> 
     </span>
     <span class='ocr_line' id='line_1_3' title="bbox 278 1079 1503 1210; baseline -0.003 -34"><span class='ocrx_word' id='word_1_11' title='bbox 278 1079 648 1210; x_wconf 46' lang='lat' dir='ltr'><strong>ffiwaneyntone,</strong></span> <span class='ocrx_word' id='word_1_12' title='bbox 682 1111 893 1197; x_wconf 89' lang='lat' dir='ltr'><strong>conjunctim,</strong></span> <span class='ocrx_word' id='word_1_13' title='bbox 918 1116 952 1176; x_wconf 90' lang='lat' dir='ltr'><strong>et</strong></span> <span class='ocrx_word' id='word_1_14' title='bbox 978 1111 1159 1197; x_wconf 78' lang='lat' dir='ltr'>quemlibet</span> <span class='ocrx_word' id='word_1_15' title='bbox 1192 1111 1341 1196; x_wconf 87' lang='lat' dir='ltr'><strong>ipsorum</strong></span> <span class='ocrx_word' id='word_1_16' title='bbox 1371 1131 1435 1196; x_wconf 85' lang='lat' dir='ltr'><strong>per</strong></span> <span class='ocrx_word' id='word_1_17' title='bbox 1467 1129 1503 1172; x_wconf 87' lang='lat' dir='ltr'><strong>sc</strong></span> 
     </span>
     <span class='ocr_line' id='line_1_4' title="bbox 279 1211 1500 1300; baseline -0.003 -18"><span class='ocrx_word' id='word_1_18' title='bbox 279 1215 392 1282; x_wconf 73' lang='lat' dir='ltr'><strong>sterling.</strong></span> <span class='ocrx_word' id='word_1_19' title='bbox 445 1214 580 1279; x_wconf 88' lang='lat' dir='ltr'><strong>divisim</strong></span> <span class='ocrx_word' id='word_1_20' title='bbox 615 1215 651 1278; x_wconf 93' lang='lat' dir='ltr'><strong>in</strong></span> <span class='ocrx_word' id='word_1_21' title='bbox 682 1215 833 1292; x_wconf 91' lang='lat' dir='ltr'><strong>solidum,</strong></span> <span class='ocrx_word' id='word_1_22' title='bbox 860 1220 1088 1300; x_wconf 80' lang='lat' dir='ltr'><strong>proomatores</strong></span> <span class='ocrx_word' id='word_1_23' title='bbox 1121 1217 1258 1290; x_wconf 88' lang='lat' dir='ltr'><strong>nostros,</strong></span> <span class='ocrx_word' id='word_1_24' title='bbox 1281 1217 1318 1278; x_wconf 99' lang='grc' dir='ltr'><strong>εὴ</strong></span> <span class='ocrx_word' id='word_1_25' title='bbox 1349 1211 1500 1290; x_wconf 86' lang='lat' dir='ltr'><strong>nuncios,</strong></span> 
     </span>
     <span class='ocr_line' id='line_1_5' title="bbox 445 1315 1502 1402; baseline -0.002 -22"><span class='ocrx_word' id='word_1_26' title='bbox 445 1317 584 1382; x_wconf 88' lang='lat' dir='ltr'><strong>fecimus</strong></span> <span class='ocrx_word' id='word_1_27' title='bbox 611 1315 766 1402; x_wconf 78' lang='lat' dir='ltr'><strong>speciales</strong></span> <span class='ocrx_word' id='word_1_28' title='bbox 788 1317 833 1382; x_wconf 87' lang='lat' dir='ltr'><strong>ad</strong></span> <span class='ocrx_word' id='word_1_29' title='bbox 855 1315 1117 1382; x_wconf 87' lang='lat' dir='ltr'><strong>contrahendum</strong></span> <span class='ocrx_word' id='word_1_30' title='bbox 1140 1321 1301 1392; x_wconf 89' lang='lat' dir='ltr'><strong>mutuum,</strong></span> <span class='ocrx_word' id='word_1_31' title='bbox 1324 1319 1444 1380; x_wconf 90' lang='lat' dir='ltr'><strong>nostro</strong></span> <span class='ocrx_word' id='word_1_32' title='bbox 1465 1319 1502 1378; x_wconf 89' lang='lat' dir='ltr'><strong>et</strong></span> 
     </span>
     <span class='ocr_line' id='line_1_6' title="bbox 446 1413 1501 1502; baseline -0.001 -19"><span class='ocrx_word' id='word_1_33' title='bbox 446 1417 591 1484; x_wconf 82' lang='lat' dir='ltr'><strong>ecclesiae</strong></span> <span class='ocrx_word' id='word_1_34' title='bbox 612 1413 735 1483; x_wconf 73' lang='lat' dir='ltr'><strong>noscrae</strong></span> <span class='ocrx_word' id='word_1_35' title='bbox 757 1417 992 1483; x_wconf 86' lang='lat' dir='ltr'><strong>Dunclmensis</strong></span> <span class='ocrx_word' id='word_1_36' title='bbox 1020 1417 1164 1494; x_wconf 89' lang='lat' dir='ltr'><strong>nomine,</strong></span> <span class='ocrx_word' id='word_1_37' title='bbox 1187 1438 1262 1482; x_wconf 92' lang='lat' dir='ltr'><strong>cum</strong></span> <span class='ocrx_word' id='word_1_38' title='bbox 1293 1417 1501 1502; x_wconf 81' lang='lat' dir='ltr'><strong>quibuscun-</strong></span> 
     </span>
     <span class='ocr_line' id='line_1_7' title="bbox 447 1518 1501 1606; baseline -0.001 -22"><span class='ocrx_word' id='word_1_39' title='bbox 447 1541 510 1606; x_wconf 91' lang='lat' dir='ltr'><strong>que</strong></span> <span class='ocrx_word' id='word_1_40' title='bbox 533 1520 770 1585; x_wconf 74' lang='lat' dir='ltr'>mercatoribus</span> <span class='ocrx_word' id='word_1_41' title='bbox 791 1526 827 1586; x_wconf 88' lang='lat' dir='ltr'><strong>et</strong></span> <span class='ocrx_word' id='word_1_42' title='bbox 848 1520 923 1586; x_wconf 85' lang='lat' dir='ltr'><strong>aliis</strong></span> <span class='ocrx_word' id='word_1_43' title='bbox 946 1541 1057 1586; x_wconf 87' lang='lat' dir='ltr'><strong>secum</strong></span> <span class='ocrx_word' id='word_1_44' title='bbox 1078 1518 1269 1586; x_wconf 84' lang='lat' dir='ltr'><strong>contrahere</strong></span> <span class='ocrx_word' id='word_1_45' title='bbox 1295 1518 1501 1594; x_wconf 87' lang='lat' dir='ltr'><strong>volentibus,</strong></span> 
     </span>
     <span class='ocr_line' id='line_1_8' title="bbox 447 1619 1501 1707; baseline -0.001 -22"><span class='ocrx_word' id='word_1_46' title='bbox 447 1643 550 1706; x_wconf 88' lang='lat' dir='ltr'><strong>usque</strong></span> <span class='ocrx_word' id='word_1_47' title='bbox 588 1621 631 1686; x_wconf 86' lang='lat' dir='ltr'><strong>ed</strong></span> <span class='ocrx_word' id='word_1_48' title='bbox 662 1643 826 1687; x_wconf 88' lang='lat' dir='ltr'><strong>summam</strong></span> <span class='ocrx_word' id='word_1_49' title='bbox 863 1621 954 1686; x_wconf 88' lang='lat' dir='ltr'><strong>mille</strong></span> <span class='ocrx_word' id='word_1_50' title='bbox 987 1621 1147 1686; x_wconf 84' lang='lat' dir='ltr'><strong>librarum</strong></span> <span class='ocrx_word' id='word_1_51' title='bbox 1184 1619 1427 1707; x_wconf 84' lang='lat' dir='ltr'><strong>sterlingorum,</strong></span> <span class='ocrx_word' id='word_1_52' title='bbox 1464 1624 1501 1684; x_wconf 90' lang='lat' dir='ltr'><strong>et</strong></span> 
     </span>
     <span class='ocr_line' id='line_1_9' title="bbox 447 1723 1501 1809; baseline 0 -22"><span class='ocrx_word' id='word_1_53' title='bbox 447 1725 553 1808; x_wconf 80' lang='lat' dir='ltr'><strong>ipsam</strong></span> <span class='ocrx_word' id='word_1_54' title='bbox 575 1745 737 1788; x_wconf 87' lang='lat' dir='ltr'><strong>summam</strong></span> <span class='ocrx_word' id='word_1_55' title='bbox 759 1723 796 1787; x_wconf 89' lang='lat' dir='ltr'><strong>in</strong></span> <span class='ocrx_word' id='word_1_56' title='bbox 817 1729 890 1789; x_wconf 91' lang='lat' dir='ltr'><strong>toto</strong></span> <span class='ocrx_word' id='word_1_57' title='bbox 904 1723 960 1788; x_wconf 79' lang='lat' dir='ltr'><strong>vel</strong></span> <span class='ocrx_word' id='word_1_58' title='bbox 981 1725 1018 1787; x_wconf 92' lang='lat' dir='ltr'><strong>in</strong></span> <span class='ocrx_word' id='word_1_59' title='bbox 1040 1729 1134 1809; x_wconf 85' lang='lat' dir='ltr'><strong>parte</strong></span> <span class='ocrx_word' id='word_1_60' title='bbox 1156 1723 1256 1788; x_wconf 88' lang='lat' dir='ltr'><strong>semel</strong></span> <span class='ocrx_word' id='word_1_61' title='bbox 1278 1723 1334 1787; x_wconf 85' lang='lat' dir='ltr'><strong>vel</strong></span> <span class='ocrx_word' id='word_1_62' title='bbox 1354 1723 1501 1787; x_wconf 84' lang='lat' dir='ltr'><strong>diversis</strong></span> 
     </span>
     <span class='ocr_line' id='line_1_10' title="bbox 449 1825 1500 1911; baseline 0.001 -22"><span class='ocrx_word' id='word_1_63' title='bbox 449 1826 578 1892; x_wconf 87' lang='lat' dir='ltr'><strong>vicibus</strong></span> <span class='ocrx_word' id='word_1_64' title='bbox 608 1825 842 1911; x_wconf 89' lang='lat' dir='ltr'><strong>recipiendum,</strong></span> <span class='ocrx_word' id='word_1_65' title='bbox 865 1830 900 1890; x_wconf 91' lang='lat' dir='ltr'><strong>et</strong></span> <span class='ocrx_word' id='word_1_66' title='bbox 924 1825 1030 1911; x_wconf 86' lang='lat' dir='ltr'><strong>ipsam</strong></span> <span class='ocrx_word' id='word_1_67' title='bbox 1065 1826 1102 1888; x_wconf 89' lang='lat' dir='ltr'><strong>in</strong></span> <span class='ocrx_word' id='word_1_68' title='bbox 1131 1825 1315 1890; x_wconf 68' lang='lat' dir='ltr'><strong>utilitatem</strong></span> <span class='ocrx_word' id='word_1_69' title='bbox 1347 1831 1500 1890; x_wconf 86' lang='lat' dir='ltr'><strong>nostram</strong></span> 
     </span>
     <span class='ocr_line' id='line_1_11' title="bbox 447 1924 1501 2011; baseline 0 -21"><span class='ocrx_word' id='word_1_70' title='bbox 447 1931 482 1990; x_wconf 90' lang='lat' dir='ltr'><strong>et</strong></span> <span class='ocrx_word' id='word_1_71' title='bbox 519 1925 662 1992; x_wconf 75' lang='lat' dir='ltr'><strong>eeclesiae</strong></span> <span class='ocrx_word' id='word_1_72' title='bbox 697 1931 820 1991; x_wconf 78' lang='lat' dir='ltr'><strong>nostrae</strong></span> <span class='ocrx_word' id='word_1_73' title='bbox 857 1927 1024 2011; x_wconf 84' lang='lat' dir='ltr'><strong>praedictae</strong></span> <span class='ocrx_word' id='word_1_74' title='bbox 1059 1925 1335 2005; x_wconf 67' lang='lat' dir='ltr'><strong>convertendum</strong></span> <span class='ocrx_word' id='word_1_75' title='bbox 1377 1931 1415 1990; x_wconf 91' lang='lat' dir='ltr'><strong>et</strong></span> <span class='ocrx_word' id='word_1_76' title='bbox 1452 1924 1501 1990; x_wconf 84' lang='lat' dir='ltr'><strong>ad</strong></span> 
     </span>
     <span class='ocr_line' id='line_1_12' title="bbox 446 2028 1498 2114; baseline 0 -20"><span class='ocrx_word' id='word_1_77' title='bbox 446 2028 659 2114; x_wconf 84' lang='lat' dir='ltr'><strong>obligandum</strong></span> <span class='ocrx_word' id='word_1_78' title='bbox 682 2050 751 2106; x_wconf 88' lang='lat' dir='ltr'><strong>nos,</strong></span> <span class='ocrx_word' id='word_1_79' title='bbox 774 2029 944 2095; x_wconf 86' lang='lat' dir='ltr'><strong>eeclesiam</strong></span> <span class='ocrx_word' id='word_1_80' title='bbox 967 2033 1123 2106; x_wconf 89' lang='lat' dir='ltr'><strong>nostram,</strong></span> <span class='ocrx_word' id='word_1_81' title='bbox 1147 2035 1182 2094; x_wconf 87' lang='lat' dir='ltr'><strong>et</strong></span> <span class='ocrx_word' id='word_1_82' title='bbox 1216 2028 1402 2114; x_wconf 72' lang='lat' dir='ltr'><strong>specialiter</strong></span> <span class='ocrx_word' id='word_1_83' title='bbox 1425 2051 1498 2094; x_wconf 86' lang='lat' dir='ltr'><strong>ma·</strong></span> 
     </span>
     <span class='ocr_line' id='line_1_13' title="bbox 446 2129 1499 2216; baseline 0.001 -22"><span class='ocrx_word' id='word_1_84' title='bbox 446 2131 575 2194; x_wconf 90' lang='lat' dir='ltr'><strong>nerium</strong></span> <span class='ocrx_word' id='word_1_85' title='bbox 610 2135 760 2195; x_wconf 84' lang='lat' dir='ltr'><strong>nostrum</strong></span> <span class='ocrx_word' id='word_1_86' title='bbox 791 2130 833 2194; x_wconf 88' lang='lat' dir='ltr'><strong>de</strong></span> <span class='ocrx_word' id='word_1_87' title='bbox 856 2129 1037 2196; x_wconf 89' lang='lat' dir='ltr'><strong>Houedene</strong></span> <span class='ocrx_word' id='word_1_88' title='bbox 1070 2153 1146 2196; x_wconf 92' lang='lat' dir='ltr'><strong>oum</strong></span> <span class='ocrx_word' id='word_1_89' title='bbox 1181 2132 1333 2197; x_wconf 87' lang='lat' dir='ltr'><strong>omnibus</strong></span> <span class='ocrx_word' id='word_1_90' title='bbox 1361 2132 1499 2216; x_wconf 88' lang='lat' dir='ltr'><strong>juribus</strong></span> 
     </span>
     <span class='ocr_line' id='line_1_14' title="bbox 446 2231 1497 2318; baseline 0.001 -21"><span class='ocrx_word' id='word_1_91' title='bbox 446 2233 592 2297; x_wconf 85' lang='lat' dir='ltr'><strong>exitibus</strong></span> <span class='ocrx_word' id='word_1_92' title='bbox 624 2237 659 2296; x_wconf 90' lang='lat' dir='ltr'><strong>et</strong></span> <span class='ocrx_word' id='word_1_93' title='bbox 680 2231 890 2318; x_wconf 74' lang='lat' dir='ltr'><strong>pertinentiis</strong></span> <span class='ocrx_word' id='word_1_94' title='bbox 920 2233 997 2310; x_wconf 88' lang='lat' dir='ltr'><strong>suis,</strong></span> <span class='ocrx_word' id='word_1_95' title='bbox 1019 2237 1054 2297; x_wconf 89' lang='lat' dir='ltr'><strong>et</strong></span> <span class='ocrx_word' id='word_1_96' title='bbox 1081 2233 1266 2298; x_wconf 89' lang='lat' dir='ltr'><strong>manerium</strong></span> <span class='ocrx_word' id='word_1_97' title='bbox 1296 2233 1497 2318; x_wconf 70' lang='lat' dir='ltr'><strong>praedictum</strong></span> 
     </span>
     <span class='ocr_line' id='line_1_15' title="bbox 445 2333 1497 2420; baseline 0.001 -21"><span class='ocrx_word' id='word_1_98' title='bbox 445 2355 521 2399; x_wconf 93' lang='lat' dir='ltr'><strong>cum</strong></span> <span class='ocrx_word' id='word_1_99' title='bbox 559 2333 657 2399; x_wconf 89' lang='lat' dir='ltr'><strong>dictis</strong></span> <span class='ocrx_word' id='word_1_100' title='bbox 695 2333 840 2398; x_wconf 84' lang='lat' dir='ltr'><strong>exitibus</strong></span> <span class='ocrx_word' id='word_1_101' title='bbox 874 2339 909 2399; x_wconf 89' lang='lat' dir='ltr'><strong>ct</strong></span> <span class='ocrx_word' id='word_1_102' title='bbox 946 2334 1157 2420; x_wconf 87' lang='lat' dir='ltr'><strong>pertinentiis</strong></span> <span class='ocrx_word' id='word_1_103' title='bbox 1195 2334 1239 2399; x_wconf 87' lang='lat' dir='ltr'><strong>ad</strong></span> <span class='ocrx_word' id='word_1_104' title='bbox 1276 2333 1406 2400; x_wconf 74' lang='lat' dir='ltr'><strong>firmam</strong></span> <span class='ocrx_word' id='word_1_105' title='bbox 1445 2335 1497 2400; x_wconf 92' lang='lat' dir='ltr'><strong>di-</strong></span> 
     </span>
     <span class='ocr_line' id='line_1_16' title="bbox 445 2436 1495 2524; baseline 0.002 -24"><span class='ocrx_word' id='word_1_106' title='bbox 445 2437 656 2514; x_wconf 88' lang='lat' dir='ltr'><strong>mittendum,</strong></span> <span class='ocrx_word' id='word_1_107' title='bbox 679 2437 776 2502; x_wconf 92' lang='lat' dir='ltr'><strong>modo</strong></span> <span class='ocrx_word' id='word_1_108' title='bbox 798 2436 938 2502; x_wconf 78' lang='lat' dir='ltr'><strong>etforma</strong></span> <span class='ocrx_word' id='word_1_109' title='bbox 960 2437 1080 2523; x_wconf 88' lang='lat' dir='ltr'><strong>quibus</strong></span> <span class='ocrx_word' id='word_1_110' title='bbox 1103 2438 1177 2523; x_wconf 89' lang='lat' dir='ltr'><strong>ipsi,</strong></span> <span class='ocrx_word' id='word_1_111' title='bbox 1203 2437 1259 2502; x_wconf 85' lang='lat' dir='ltr'><strong>vel</strong></span> <span class='ocrx_word' id='word_1_112' title='bbox 1296 2459 1384 2502; x_wconf 90' lang='lat' dir='ltr'><strong>unus</strong></span> <span class='ocrx_word' id='word_1_113' title='bbox 1405 2439 1495 2524; x_wconf 84' lang='lat' dir='ltr'><strong>ipso-</strong></span> 
     </span>
     <span class='ocr_line' id='line_1_17' title="bbox 444 2539 1496 2626; baseline 0.003 -22"><span class='ocrx_word' id='word_1_114' title='bbox 444 2560 528 2616; x_wconf 78' lang='lat' dir='ltr'><strong>rum,</strong></span> <span class='ocrx_word' id='word_1_115' title='bbox 551 2539 594 2604; x_wconf 86' lang='lat' dir='ltr'><strong>ad</strong></span> <span class='ocrx_word' id='word_1_116' title='bbox 625 2539 808 2604; x_wconf 77' lang='lat' dir='ltr'><strong>utilitatem</strong></span> <span class='ocrx_word' id='word_1_117' title='bbox 829 2544 977 2604; x_wconf 88' lang='lat' dir='ltr'><strong>nostram</strong></span> <span class='ocrx_word' id='word_1_118' title='bbox 1009 2539 1116 2626; x_wconf 82' lang='lat' dir='ltr'><strong>magis</strong></span> <span class='ocrx_word' id='word_1_119' title='bbox 1138 2539 1287 2605; x_wconf 87' lang='lat' dir='ltr'><strong>viderint</strong></span> <span class='ocrx_word' id='word_1_120' title='bbox 1318 2541 1475 2626; x_wconf 84' lang='lat' dir='ltr'><strong>expedire</strong></span> <span class='ocrx_word' id='word_1_121' title='bbox 1487 2565 1496 2621; x_wconf 90' lang='lat'>;</span> 
     </span>
     <span class='ocr_line' id='line_1_18' title="bbox 443 2639 1495 2726; baseline 0.004 -22"><span class='ocrx_word' id='word_1_122' title='bbox 443 2661 572 2706; x_wconf 84' lang='lat' dir='ltr'><strong>necnon</strong></span> <span class='ocrx_word' id='word_1_123' title='bbox 594 2640 636 2705; x_wconf 87' lang='lat' dir='ltr'><strong>ad</strong></span> <span class='ocrx_word' id='word_1_124' title='bbox 661 2639 876 2726; x_wconf 86' lang='lat' dir='ltr'><strong>obligandum</strong></span> <span class='ocrx_word' id='word_1_125' title='bbox 899 2641 1011 2706; x_wconf 90' lang='lat' dir='ltr'><strong>omnia</strong></span> <span class='ocrx_word' id='word_1_126' title='bbox 1039 2641 1128 2706; x_wconf 86' lang='lat' dir='ltr'><strong>bona</strong></span> <span class='ocrx_word' id='word_1_127' title='bbox 1149 2645 1263 2707; x_wconf 87' lang='lat' dir='ltr'><strong>nostra</strong></span> <span class='ocrx_word' id='word_1_128' title='bbox 1291 2642 1428 2708; x_wconf 83' lang='lat' dir='ltr'><strong>mobilia</strong></span> <span class='ocrx_word' id='word_1_129' title='bbox 1449 2643 1495 2708; x_wconf 88' lang='lat' dir='ltr'><strong>ad</strong></span> 
     </span>
     <span class='ocr_line' id='line_1_19' title="bbox 444 2742 1493 2829; baseline 0.004 -23"><span class='ocrx_word' id='word_1_130' title='bbox 444 2742 641 2807; x_wconf 89' lang='lat' dir='ltr'><strong>solutionem</strong></span> <span class='ocrx_word' id='word_1_131' title='bbox 663 2763 800 2807; x_wconf 85' lang='lat' dir='ltr'><strong>summae</strong></span> <span class='ocrx_word' id='word_1_132' title='bbox 831 2743 980 2828; x_wconf 85' lang='lat' dir='ltr'><strong>pecuniae</strong></span> <span class='ocrx_word' id='word_1_133' title='bbox 1010 2743 1209 2829; x_wconf 79' lang='lat' dir='ltr'><strong>supradictae</strong></span> <span class='ocrx_word' id='word_1_134' title='bbox 1240 2743 1383 2809; x_wconf 88' lang='lat' dir='ltr'><strong>fideliter</strong></span> <span class='ocrx_word' id='word_1_135' title='bbox 1413 2743 1493 2810; x_wconf 84' lang='lat' dir='ltr'><strong>iaci-</strong></span> 
     </span>
     <span class='ocr_line' id='line_1_20' title="bbox 444 2843 1492 2931; baseline 0.002 -22"><span class='ocrx_word' id='word_1_136' title='bbox 444 2844 571 2921; x_wconf 88' lang='lat' dir='ltr'><strong>endam,</strong></span> <span class='ocrx_word' id='word_1_137' title='bbox 603 2843 672 2910; x_wconf 91' lang='lat' dir='ltr'><strong>loco</strong></span> <span class='ocrx_word' id='word_1_138' title='bbox 710 2850 744 2909; x_wconf 91' lang='lat' dir='ltr'><strong>et</strong></span> <span class='ocrx_word' id='word_1_139' title='bbox 775 2843 926 2908; x_wconf 88' lang='lat' dir='ltr'><strong>terminis</strong></span> <span class='ocrx_word' id='word_1_140' title='bbox 958 2865 1040 2930; x_wconf 88' lang='lat' dir='ltr'><strong>quos</strong></span> <span class='ocrx_word' id='word_1_141' title='bbox 1071 2845 1135 2931; x_wconf 89' lang='lat' dir='ltr'><strong>ipsi</strong></span> <span class='ocrx_word' id='word_1_142' title='bbox 1169 2845 1224 2910; x_wconf 81' lang='lat' dir='ltr'><strong>vel</strong></span> <span class='ocrx_word' id='word_1_143' title='bbox 1261 2867 1348 2911; x_wconf 88' lang='lat' dir='ltr'><strong>unus</strong></span> <span class='ocrx_word' id='word_1_144' title='bbox 1379 2867 1492 2911; x_wconf 92' lang='lat' dir='ltr'><strong>eorum</strong></span> 
     </span>
     <span class='ocr_line' id='line_1_21' title="bbox 445 2946 1492 3036; baseline 0.003 -24"><span class='ocrx_word' id='word_1_145' title='bbox 445 2947 610 3026; x_wconf 84' lang='lat' dir='ltr'><strong>duxerint,</strong></span> <span class='ocrx_word' id='word_1_146' title='bbox 644 2946 700 3012; x_wconf 85' lang='lat' dir='ltr'><strong>vel</strong></span> <span class='ocrx_word' id='word_1_147' title='bbox 738 2947 880 3024; x_wconf 84' lang='lat' dir='ltr'><strong>duxerit,</strong></span> <span class='ocrx_word' id='word_1_148' title='bbox 913 2947 1114 3026; x_wconf 83' lang='lat' dir='ltr'><strong>statuendos,</strong></span> <span class='ocrx_word' id='word_1_149' title='bbox 1150 2947 1213 3012; x_wconf 91' lang='lat' dir='ltr'><strong>sub</strong></span> <span class='ocrx_word' id='word_1_150' title='bbox 1244 2948 1492 3036; x_wconf 81' lang='lat' dir='ltr'><strong>quibuscunque</strong></span> 
     </span>
     <span class='ocr_line' id='line_1_22' title="bbox 443 3047 1493 3137; baseline 0.004 -24"><span class='ocrx_word' id='word_1_151' title='bbox 443 3049 551 3135; x_wconf 88' lang='lat' dir='ltr'><strong>poenis</strong></span> <span class='ocrx_word' id='word_1_152' title='bbox 582 3053 617 3113; x_wconf 90' lang='lat' dir='ltr'><strong>et</strong></span> <span class='ocrx_word' id='word_1_153' title='bbox 638 3047 784 3114; x_wconf 82' lang='lat' dir='ltr'><strong>censuris</strong></span> <span class='ocrx_word' id='word_1_154' title='bbox 816 3047 1042 3115; x_wconf 85' lang='lat' dir='ltr'><strong>ecclesiasticis</strong></span> <span class='ocrx_word' id='word_1_155' title='bbox 1065 3054 1099 3114; x_wconf 90' lang='lat' dir='ltr'><strong>et</strong></span> <span class='ocrx_word' id='word_1_156' title='bbox 1133 3049 1296 3128; x_wconf 71' lang='lat' dir='ltr'><strong>civilibus</strong></span> <span class='ocrx_word' id='word_1_157' title='bbox 1319 3072 1400 3135; x_wconf 87' lang='lat' dir='ltr'><strong>quas</strong></span> <span class='ocrx_word' id='word_1_158' title='bbox 1434 3073 1493 3137; x_wconf 89' lang='lat' dir='ltr'><strong>pro</strong></span> 
     </span>
     <span class='ocr_line' id='line_1_23' title="bbox 443 3145 1492 3219; baseline 0.005 -5"><span class='ocrx_word' id='word_1_159' title='bbox 443 3151 620 3216; x_wconf 76' lang='lat' dir='ltr'><strong>securitate</strong></span> <span class='ocrx_word' id='word_1_160' title='bbox 659 3149 928 3216; x_wconf 78' lang='lat' dir='ltr'><strong>contrahentium</strong></span> <span class='ocrx_word' id='word_1_161' title='bbox 962 3145 1130 3216; x_wconf 78' lang='lat' dir='ltr'><strong>viderint&#39;</strong></span> <span class='ocrx_word' id='word_1_162' title='bbox 1147 3151 1202 3216; x_wconf 90' lang='lat' dir='ltr'><strong>vel</strong></span> <span class='ocrx_word' id='word_1_163' title='bbox 1239 3152 1397 3218; x_wconf 88' lang='lat' dir='ltr'><strong>duxerint</strong></span> <span class='ocrx_word' id='word_1_164' title='bbox 1434 3154 1492 3219; x_wconf 90' lang='lat' dir='ltr'><strong>eli·</strong></span> 
     </span>
     <span class='ocr_line' id='line_1_24' title="bbox 442 3252 1493 3339; baseline 0.004 -21"><span class='ocrx_word' id='word_1_165' title='bbox 442 3252 587 3339; x_wconf 85' lang='lat' dir='ltr'><strong>gendes;</strong></span> <span class='ocrx_word' id='word_1_166' title='bbox 609 3253 701 3318; x_wconf 86' lang='lat' dir='ltr'><strong>etad</strong></span> <span class='ocrx_word' id='word_1_167' title='bbox 720 3253 948 3339; x_wconf 87' lang='lat' dir='ltr'><strong>juramentum</strong></span> <span class='ocrx_word' id='word_1_168' title='bbox 964 3253 1175 3339; x_wconf 83' lang='lat' dir='ltr'><strong>corporaliter</strong></span> <span class='ocrx_word' id='word_1_169' title='bbox 1195 3257 1232 3318; x_wconf 95' lang='lat' dir='ltr'><strong>in</strong></span> <span class='ocrx_word' id='word_1_170' title='bbox 1247 3255 1360 3321; x_wconf 90' lang='lat' dir='ltr'><strong>anima</strong></span> <span class='ocrx_word' id='word_1_171' title='bbox 1380 3261 1493 3322; x_wconf 85' lang='lat' dir='ltr'><strong>nostra</strong></span> 
     </span>
     <span class='ocr_line' id='line_1_25' title="bbox 444 3353 1494 3442; baseline 0.004 -22"><span class='ocrx_word' id='word_1_172' title='bbox 444 3355 670 3441; x_wconf 62' lang='lat' dir='ltr'><strong>prestandum</strong></span> <span class='ocrx_word' id='word_1_173' title='bbox 705 3355 746 3420; x_wconf 91' lang='lat' dir='ltr'><strong>de</strong></span> <span class='ocrx_word' id='word_1_174' title='bbox 782 3353 940 3420; x_wconf 88' lang='lat' dir='ltr'><strong>solvendo</strong></span> <span class='ocrx_word' id='word_1_175' title='bbox 979 3356 1101 3422; x_wconf 84' lang='lat' dir='ltr'><strong>dictam</strong></span> <span class='ocrx_word' id='word_1_176' title='bbox 1139 3357 1315 3442; x_wconf 90' lang='lat' dir='ltr'><strong>pecuniam</strong></span> <span class='ocrx_word' id='word_1_177' title='bbox 1353 3358 1494 3425; x_wconf 85' lang='lat' dir='ltr'><strong>fideliter</strong></span> 
     </span>
     <span class='ocr_line' id='line_1_26' title="bbox 442 3456 1491 3547; baseline 0.008 -26"><span class='ocrx_word' id='word_1_178' title='bbox 442 3456 514 3522; x_wconf 89' lang='lat' dir='ltr'><strong>loco</strong></span> <span class='ocrx_word' id='word_1_179' title='bbox 536 3463 571 3522; x_wconf 89' lang='lat' dir='ltr'><strong>et</strong></span> <span class='ocrx_word' id='word_1_180' title='bbox 585 3457 736 3521; x_wconf 90' lang='lat' dir='ltr'><strong>terminis</strong></span> <span class='ocrx_word' id='word_1_181' title='bbox 758 3457 800 3522; x_wconf 82' lang='lat' dir='ltr'><strong>ad</strong></span> <span class='ocrx_word' id='word_1_182' title='bbox 824 3457 886 3524; x_wconf 89' lang='lat' dir='ltr'><strong>hoe</strong></span> <span class='ocrx_word' id='word_1_183' title='bbox 902 3459 1088 3544; x_wconf 84' lang='lat' dir='ltr'><strong>specialiter</strong></span> <span class='ocrx_word' id='word_1_184' title='bbox 1109 3461 1308 3547; x_wconf 80' lang='lat' dir='ltr'><strong>assignatis3</strong></span> <span class='ocrx_word' id='word_1_185' title='bbox 1330 3483 1370 3528; x_wconf 88' lang='lat' dir='ltr'><strong>ac</strong></span> <span class='ocrx_word' id='word_1_186' title='bbox 1391 3465 1491 3529; x_wconf 86' lang='lat' dir='ltr'><strong>etiam</strong></span> 
     </span>
     <span class='ocr_line' id='line_1_27' title="bbox 442 3558 1489 3650; baseline 0.008 -27"><span class='ocrx_word' id='word_1_187' title='bbox 442 3559 486 3623; x_wconf 92' lang='lat' dir='ltr'><strong>ad</strong></span> <span class='ocrx_word' id='word_1_188' title='bbox 508 3558 769 3624; x_wconf 90' lang='lat' dir='ltr'><strong>renunciandum</strong></span> <span class='ocrx_word' id='word_1_189' title='bbox 802 3560 993 3645; x_wconf 86' lang='lat' dir='ltr'><strong>exceptioni</strong></span> <span class='ocrx_word' id='word_1_190' title='bbox 1024 3581 1092 3626; x_wconf 89' lang='lat' dir='ltr'><strong>non</strong></span> <span class='ocrx_word' id='word_1_191' title='bbox 1121 3568 1304 3629; x_wconf 74' lang='lat' dir='ltr'><strong>numeratae</strong></span> <span class='ocrx_word' id='word_1_192' title='bbox 1335 3566 1489 3650; x_wconf 85' lang='lat' dir='ltr'><strong>pecuniae,</strong></span> 
     </span>
     <span class='ocr_line' id='line_1_28' title="bbox 443 3659 1490 3753; baseline 0.01 -29"><span class='ocrx_word' id='word_1_193' title='bbox 443 3659 507 3726; x_wconf 91' lang='lat' dir='ltr'><strong>loci</strong></span> <span class='ocrx_word' id='word_1_194' title='bbox 529 3665 564 3725; x_wconf 91' lang='lat' dir='ltr'><strong>et</strong></span> <span class='ocrx_word' id='word_1_195' title='bbox 595 3660 658 3726; x_wconf 88' lang='lat' dir='ltr'><strong>fori</strong></span> <span class='ocrx_word' id='word_1_196' title='bbox 687 3659 870 3748; x_wconf 81' lang='lat' dir='ltr'><strong>privilegio,</strong></span> <span class='ocrx_word' id='word_1_197' title='bbox 894 3667 929 3726; x_wconf 92' lang='lat' dir='ltr'><strong>et</strong></span> <span class='ocrx_word' id='word_1_198' title='bbox 960 3663 1113 3728; x_wconf 86' lang='lat' dir='ltr'><strong>omnibus</strong></span> <span class='ocrx_word' id='word_1_199' title='bbox 1135 3663 1210 3729; x_wconf 86' lang='lat' dir='ltr'><strong>eliis</strong></span> <span class='ocrx_word' id='word_1_200' title='bbox 1241 3667 1490 3753; x_wconf 85' lang='lat' dir='ltr'><strong>exceptionibus</strong></span> 
     </span>
     <span class='ocr_line' id='line_1_29' title="bbox 444 3762 1488 3851; baseline 0.007 -23"><span class='ocrx_word' id='word_1_201' title='bbox 444 3767 479 3828; x_wconf 92' lang='lat' dir='ltr'><strong>et</strong></span> <span class='ocrx_word' id='word_1_202' title='bbox 501 3762 753 3841; x_wconf 82' lang='lat' dir='ltr'><strong>defensionibus,</strong></span> <span class='ocrx_word' id='word_1_203' title='bbox 777 3785 850 3849; x_wconf 85' lang='lat' dir='ltr'><strong>quae</strong></span> <span class='ocrx_word' id='word_1_204' title='bbox 883 3769 999 3830; x_wconf 90' lang='lat' dir='ltr'><strong>contra</strong></span> <span class='ocrx_word' id='word_1_205' title='bbox 1021 3765 1191 3851; x_wconf 83' lang='lat' dir='ltr'><strong>praemisse</strong></span> <span class='ocrx_word' id='word_1_206' title='bbox 1222 3768 1324 3833; x_wconf 84' lang='lat' dir='ltr'><strong>tacite</strong></span> <span class='ocrx_word' id='word_1_207' title='bbox 1347 3769 1403 3834; x_wconf 86' lang='lat' dir='ltr'><strong>vel</strong></span> <span class='ocrx_word' id='word_1_208' title='bbox 1432 3793 1488 3836; x_wconf 84' lang='lat' dir='ltr'><strong>ex·</strong></span> 
     </span>
     <span class='ocr_line' id='line_1_30' title="bbox 448 3861 1488 3952; baseline 0.011 -23"><span class='ocrx_word' id='word_1_209' title='bbox 448 3887 558 3950; x_wconf 88' lang='lat' dir='ltr'><strong>presse</strong></span> <span class='ocrx_word' id='word_1_210' title='bbox 589 3861 710 3951; x_wconf 77' lang='lat' dir='ltr'><strong>objiei²</strong></span> <span class='ocrx_word' id='word_1_211' title='bbox 735 3870 894 3952; x_wconf 84' lang='lat' dir='ltr'><strong>potenmt</strong></span> <span class='ocrx_word' id='word_1_212' title='bbox 925 3867 1158 3952; x_wconf 81' lang='lat' dir='ltr'><strong>quovismod03</strong></span> <span class='ocrx_word' id='word_1_213' title='bbox 1187 3889 1316 3936; x_wconf 87' lang='lat' dir='ltr'><strong>necnon</strong></span> <span class='ocrx_word' id='word_1_214' title='bbox 1338 3871 1382 3938; x_wconf 76' lang='lat' dir='ltr'><strong>ad</strong></span> <span class='ocrx_word' id='word_1_215' title='bbox 1414 3874 1488 3940; x_wconf 79' lang='lat' dir='ltr'><strong>sub</strong></span> 
     </span>
     <span class='ocr_line' id='line_1_31' title="bbox 443 3967 1489 4049; baseline 0.009 -17"><span class='ocrx_word' id='word_1_216' title='bbox 443 3967 645 4032; x_wconf 90' lang='lat' dir='ltr'><strong>mittendum</strong></span> <span class='ocrx_word' id='word_1_217' title='bbox 681 3987 741 4032; x_wconf 87' lang='lat' dir='ltr'><strong>nos</strong></span> <span class='ocrx_word' id='word_1_218' title='bbox 773 3971 808 4032; x_wconf 93' lang='lat' dir='ltr'><strong>et</strong></span> <span class='ocrx_word' id='word_1_219' title='bbox 839 3967 1009 4034; x_wconf 88' lang='lat' dir='ltr'><strong>ecclesiam</strong></span> <span class='ocrx_word' id='word_1_220' title='bbox 1046 3975 1202 4049; x_wconf 86' lang='lat' dir='ltr'><strong>nostram,</strong></span> <span class='ocrx_word' id='word_1_221' title='bbox 1236 3993 1276 4038; x_wconf 88' lang='lat' dir='ltr'><strong>ac</strong></span> <span class='ocrx_word' id='word_1_222' title='bbox 1307 3976 1489 4041; x_wconf 89' lang='lat' dir='ltr'><strong>manerium</strong></span> 
     </span>
     <span class='ocr_line' id='line_1_32' title="bbox 443 4069 1488 4157; baseline 0.01 -23"><span class='ocrx_word' id='word_1_223' title='bbox 443 4069 638 4156; x_wconf 81' lang='lat' dir='ltr'><strong>praedictum</strong></span> <span class='ocrx_word' id='word_1_224' title='bbox 670 4090 745 4135; x_wconf 91' lang='lat' dir='ltr'><strong>cum</strong></span> <span class='ocrx_word' id='word_1_225' title='bbox 767 4069 835 4135; x_wconf 89' lang='lat' dir='ltr'><strong>suis</strong></span> <span class='ocrx_word' id='word_1_226' title='bbox 858 4071 1078 4156; x_wconf 89' lang='lat' dir='ltr'><strong>pertinentiis,</strong></span> <span class='ocrx_word' id='word_1_227' title='bbox 1096 4071 1324 4157; x_wconf 80' lang='lat' dir='ltr'><strong>jurisdrctioni</strong></span> <span class='ocrx_word' id='word_1_228' title='bbox 1346 4081 1380 4142; x_wconf 87' lang='lat' dir='ltr'><strong>et</strong></span> <span class='ocrx_word' id='word_1_229' title='bbox 1403 4099 1488 4143; x_wconf 87' lang='lat' dir='ltr'><strong>coer·</strong></span> 
     </span>
     <span class='ocr_line' id='line_1_33' title="bbox 444 4169 1490 4258; baseline 0.009 -20"><span class='ocrx_word' id='word_1_230' title='bbox 444 4169 582 4238; x_wconf 81' lang='lat' dir='ltr'><strong>citioni³</strong></span> <span class='ocrx_word' id='word_1_231' title='bbox 615 4172 839 4258; x_wconf 83' lang='lat' dir='ltr'><strong>cujuscunque</strong></span> <span class='ocrx_word' id='word_1_232' title='bbox 869 4173 993 4258; x_wconf 88' lang='lat' dir='ltr'><strong>judicis</strong></span> <span class='ocrx_word' id='word_1_233' title='bbox 1016 4173 1228 4241; x_wconf 85' lang='lat' dir='ltr'><strong>ecclesiastici</strong></span> <span class='ocrx_word' id='word_1_234' title='bbox 1252 4177 1308 4242; x_wconf 87' lang='lat' dir='ltr'><strong>vel</strong></span> <span class='ocrx_word' id='word_1_235' title='bbox 1339 4180 1490 4247; x_wconf 82' lang='lat' dir='ltr'><strong>secularis</strong></span> 
     </span>
     <span class='ocr_line' id='line_1_34' title="bbox 444 4273 1489 4360; baseline 0.009 -21"><span class='ocrx_word' id='word_1_236' title='bbox 444 4295 526 4359; x_wconf 92' lang='lat' dir='ltr'><strong>quos</strong></span> <span class='ocrx_word' id='word_1_237' title='bbox 548 4274 724 4339; x_wconf 90' lang='lat' dir='ltr'><strong>creditores</strong></span> <span class='ocrx_word' id='word_1_238' title='bbox 746 4273 896 4360; x_wconf 79' lang='lat' dir='ltr'><strong>pecuniae</strong></span> <span class='ocrx_word' id='word_1_239' title='bbox 919 4275 1086 4360; x_wconf 78' lang='lat' dir='ltr'><strong>praedictae</strong></span> <span class='ocrx_word' id='word_1_240' title='bbox 1108 4277 1153 4341; x_wconf 88' lang='lat' dir='ltr'><strong>ad</strong></span> <span class='ocrx_word' id='word_1_241' title='bbox 1175 4277 1237 4344; x_wconf 90' lang='lat' dir='ltr'><strong>hoc</strong></span> <span class='ocrx_word' id='word_1_242' title='bbox 1252 4279 1410 4347; x_wconf 87' lang='lat' dir='ltr'><strong>duxerint</strong></span> <span class='ocrx_word' id='word_1_243' title='bbox 1432 4283 1489 4349; x_wconf 89' lang='lat' dir='ltr'><strong>eli-</strong></span> 
     </span>
     <span class='ocr_line' id='line_1_35' title="bbox 445 4377 1486 4466; baseline 0.011 -25"><span class='ocrx_word' id='word_1_244' title='bbox 445 4377 576 4464; x_wconf 82' lang='lat' dir='ltr'><strong>gendos,</strong></span> <span class='ocrx_word' id='word_1_245' title='bbox 600 4381 634 4441; x_wconf 88' lang='lat' dir='ltr'><strong>et</strong></span> <span class='ocrx_word' id='word_1_246' title='bbox 656 4377 758 4442; x_wconf 89' lang='lat' dir='ltr'><strong>etiam</strong></span> <span class='ocrx_word' id='word_1_247' title='bbox 780 4377 823 4442; x_wconf 89' lang='lat' dir='ltr'><strong>ad</strong></span> <span class='ocrx_word' id='word_1_248' title='bbox 848 4377 1036 4462; x_wconf 84' lang='lat' dir='ltr'><strong>specialiter</strong></span> <span class='ocrx_word' id='word_1_249' title='bbox 1057 4382 1353 4466; x_wconf 85' lang='lat' dir='ltr'><strong>recognoscendum</strong></span> <span class='ocrx_word' id='word_1_250' title='bbox 1383 4406 1486 4453; x_wconf 88' lang='lat' dir='ltr'><strong>eoram</strong></span> 
     </span>
    </p>
   </div>
   <div class='ocr_carea' id='block_1_3' title="bbox 473 4656 1295 4790">
    <p class='ocr_par' dir='ltr' id='par_1_3' title="bbox 473 4656 1295 4790">
     <span class='ocr_line' id='line_1_36' title="bbox 476 4656 1295 4713; baseline 0.009 -7"><span class='ocrx_word' id='word_1_251' title='bbox 476 4659 484 4692; x_wconf 84' lang='lat'>¹</span> <span class='ocrx_word' id='word_1_252' title='bbox 503 4656 656 4709; x_wconf 76' lang='lat' dir='ltr'><strong>Hecacwellc</strong></span> <span class='ocrx_word' id='word_1_253' title='bbox 668 4656 813 4709; x_wconf 76' lang='lat' dir='ltr'><strong>elsewhere.</strong></span> <span class='ocrx_word' id='word_1_254' title='bbox 1024 4657 1035 4690; x_wconf 84' lang='lat'><strong>³</strong></span> <span class='ocrx_word' id='word_1_255' title='bbox 1051 4656 1189 4709; x_wconf 65' lang='lat' dir='ltr'><strong>colerciom</strong></span> <span class='ocrx_word' id='word_1_256' title='bbox 1199 4659 1225 4710; x_wconf 89' lang='lat' dir='ltr'><strong>in</strong></span> <span class='ocrx_word' id='word_1_257' title='bbox 1237 4660 1295 4713; x_wconf 85' lang='lat' dir='ltr'><strong>MS.</strong></span> 
     </span>
     <span class='ocr_line' id='line_1_37' title="bbox 473 4735 677 4790; baseline -0.01 -2"><span class='ocrx_word' id='word_1_258' title='bbox 473 4739 484 4773; x_wconf 75' lang='lat'>²</span> <span class='ocrx_word' id='word_1_259' title='bbox 500 4735 567 4788; x_wconf 83' lang='lat' dir='ltr'><strong>obici</strong></span> <span class='ocrx_word' id='word_1_260' title='bbox 579 4735 606 4787; x_wconf 88' lang='lat' dir='ltr'><strong>in</strong></span> <span class='ocrx_word' id='word_1_261' title='bbox 617 4735 677 4790; x_wconf 77' lang='lat' dir='ltr'><strong>MS.</strong></span> 
     </span>
    </p>
   </div>
   <div class='ocr_carea' id='block_1_4' title="bbox 0 0 1724 5788">
    <p class='ocr_par' dir='ltr' id='par_1_4' title="bbox 0 0 1724 5788">
     <span class='ocr_line' id='line_1_38' title="bbox 0 0 1724 5788; baseline 0 3"><span class='ocrx_word' id='word_1_262' title='bbox 0 0 1724 5788; x_wconf 95' lang='lat' dir='ltr'><strong> </strong></span> 
     </span>
    </p>
   </div>
  </div>
 </body>
</html>
