3444 5792
657 881 843 928 exoraris.
971 865 974 872 '
1212 865 1277 928 409

227 1069 409 1135 custodiam
447 1074 609 1134 terrarum
647 1073 682 1134 et
719 1072 983 1133 tenementorum
1021 1066 1187 1152 quondam
1221 1066 1279 1132 do-

228 1172 310 1236 mini
333 1171 470 1236 Roberti
501 1170 680 1236 Haunsard
711 1171 748 1235 in
770 1170 803 1234 N
806 1169 932 1235 euthon
965 1175 1000 1234 et
1034 1169 1219 1246 Elmedene,
1242 1168 1279 1232 in

227 1274 418 1360 episcopatu
454 1278 577 1350 nostro,
611 1271 774 1358 possimus
805 1271 939 1356 pacifice
971 1270 1144 1356 possidere,
1167 1269 1279 1334 velitis

227 1375 333 1440 eidem
355 1373 551 1462 suggerere¹
574 1373 644 1440 loco
666 1379 701 1438 et
723 1379 870 1458 tempore
893 1371 1086 1457 opportunis
1109 1370 1198 1456 quod
1220 1391 1279 1434 suo

227 1476 310 1542 velit
332 1477 508 1562 praecipere
543 1475 679 1542 consilio
708 1479 748 1540 ut
782 1475 822 1540 de
854 1474 1014 1560 petitione
1049 1494 1148 1559 quam
1183 1494 1281 1559 super

227 1577 290 1644 hoc
319 1578 402 1645 alias
435 1578 466 1643 ei
503 1577 640 1644 fecimus
674 1577 809 1662 justitia
845 1576 941 1641 nobis
978 1575 1046 1652 fiat,
1080 1596 1141 1640 nec
1172 1574 1279 1640 locum

228 1679 362 1746 trahens
389 1702 410 1746 a
439 1679 590 1766 potentia
623 1679 794 1744 libertates
826 1679 988 1765 infringet
1022 1677 1136 1743 Sancti
1175 1676 1279 1742 Outh-

228 1783 314 1848 berti
337 1788 372 1848 et
393 1783 536 1850 eceleeiae
558 1781 799 1858 Dunelmensis,
823 1781 881 1867 qui
904 1787 973 1846 tam
996 1781 1169 1846 efficaciter
1190 1780 1280 1845 labo·

229 1889 281 1950 rat
303 1890 338 1950 et
359 1885 464 1950 instat
487 1890 527 1949 ut
559 1889 633 1950 tota
666 1884 801 1950 ccclesia
822 1884 1008 1970 Anglicana
1039 1904 1189 1948 concessa
1222 1905 1281 1968 per

229 1988 452 2075 progenitores
475 2009 550 2052 suos
573 1987 717 2073 gaudeat
748 1987 910 2064 libertate,
934 1986 996 2052 hoc
1017 2008 1100 2072 opus
1132 1985 1280 2051 caritatis

229 2090 319 2176 apud
353 2090 524 2155 dominum
556 2095 704 2154 vestrum
740 2090 783 2154 ad
814 2089 959 2154 fructum
992 2088 1112 2153 animae
1146 2110 1215 2153 suae
1246 2093 1280 2152 et

230 2198 357 2270 vestrae,
373 2192 402 2256 si
425 2191 563 2278 placeat,
586 2192 634 2256 sic
655 2197 790 2256 acturus
813 2191 902 2277 quod
925 2189 1049 2255 Beatus
1066 2188 1278 2266 (luthbertus,

230 2295 323 2379 cujus
356 2315 487 2360 caueam
518 2295 626 2380 agitis,
650 2315 692 2358 ex
719 2295 912 2358 interventu
946 2297 1056 2357 vestro
1083 2292 1189 2357 carius
1221 2313 1280 2356 vos

229 2394 350 2460 hebeat
365 2395 653 2472 recommendams,
669 2400 704 2459 et
726 2395 753 2459 si
770 2416 836 2480 qua
851 2414 950 2480 penes
972 2415 1032 2458 nos
1048 2393 1220 2458 volueritis
1238 2392 1280 2457 ad

229 2503 340 2562 vestra
362 2497 569 2583 beneplacita
584 2497 761 2562 reddamur
782 2497 901 2562 merito
917 2495 1141 2582 promptiores.
1189 2496 1282 2560 Sem⁴

230 2623 288 2687 per
310 2601 346 2664 in
369 2600 512 2665 Domino
535 2621 688 2686 prospere
711 2599 859 2665 valeatis.

229 2858 268 2908 De
289 2857 353 2906 fana
374 2855 496 2921 interpre
575 2811 744 2890 Ricardus,
767 2811 979 2898 permissione
1007 2811 1129 2888 divina,
1153 2811 1338 2876 Dunol-fu
1352 2813 1433 2866 1646.

229 2923 322 2974 atione
350 2922 497 2984 litterarum,
529 2913 651 2979 mensis
686 2914 863 2999 episcopus,
889 2905 1018 2978 dilectis
1052 2912 1138 2990 ffliit
1177 2911 1283 2978 Primi
1295 2895 1423 3028 &iffi

230 2999 277 3040 ⁰²⁰·
530 3021 565 3081 et
600 3014 790 3080 Conventui
827 3014 969 3080 ecclesiae
1003 3020 1124 3080 nostrae
1157 3014 1444 3092 bonel-semea

1296 3095 1350 3145 tion
1359 3095 1388 3144 of

229 3121 357 3198 mensis,
381 3119 529 3196 salutem,
552 3118 703 3204 gratiam,
725 3124 759 3183 et
781 3117 1049 3182 benedictionem.
1097 3116 1190 3181 lnter
1208 3139 1283 3202 ope·
1296 3163 1390 3213 letters.

230 3244 319 3288 rosas
342 3221 533 3308 vigilantiae
557 3220 677 3306 quibus
699 3220 785 3285 cirea
807 3219 978 3284 servitutis
1000 3226 1121 3284 nostrae
1142 3219 1283 3284 officium

230 3324 324 3410 quasi
347 3324 502 3390 continue
525 3321 749 3398 distrahimur,
772 3322 923 3406 interque
944 3342 1089 3386 rumores
1111 3343 1129 3386 e
1147 3321 1285 3386 diversis

230 3427 380 3513 partibus
403 3445 564 3511 respersos
587 3445 676 3490 nunc
701 3423 796 3488 nobis
819 3445 938 3508 panem
968 3423 1206 3488 moestitudinis
1238 3423 1286 3489 of·

230 3527 378 3604 ferentes,
398 3547 488 3592 nunc
510 3525 643 3591 calicem
668 3523 900 3589 amaritudinis
922 3526 1143 3610 propinantes,
1164 3524 1285 3610 quibus

230 3627 346 3694 velut*
379 3628 476 3693 navis
509 3627 646 3692 marinis
680 3625 823 3712 impulsa
855 3626 1019 3703 fluctibus,
1042 3625 1108 3692 huc
1139 3632 1174 3692 et
1207 3627 1286 3693 illuc

231 3731 443 3796 vehementer
466 3729 659 3815 impetimur
685 3728 816 3793 adversi
839 3727 1027 3794 conditione
1057 3729 1214 3815 temporis
1237 3729 1285 3794 fa-

230 3834 345 3910 ciente,
368 3853 461 3898 mens
482 3833 598 3896 nostra
619 3829 789 3894 molestius
816 3831 991 3915 peruritur,
1014 3829 1175 3917 fatigatur
1197 3851 1286 3896 ama·

232 3934 308 4010 rius,
332 3937 367 3998 et
389 3931 538 3998 acerbius
568 3931 733 4017 irrigatur,
756 3952 831 3996 oum
866 3931 927 3994 filii
960 3931 1065 3996 nostri
1098 3931 1285 4016 peculiares,

232 4036 352 4122 quibus
390 4035 501 4121 quiete
538 4031 732 4098 fruentibus·
758 4033 848 4118 pacis
883 4032 1055 4098 dulcedine
1092 4032 1285 4112 refovemur,

232 4139 417 4225 quibusque
447 4136 606 4202 lacessitis
636 4134 796 4200 molestiis
818 4134 982 4220 quiescere
1004 4156 1074 4200 non
1104 4157 1286 4222 possumus,

232 4241 336 4308 donec
358 4239 480 4305 sedatis
503 4259 637 4304 suorum
660 4237 767 4304 causis
789 4239 1029 4323 gravaminum,
1052 4239 1140 4323 ipsos
1163 4239 1206 4302 ad
1229 4261 1285 4324 op-

232 4347 314 4408 tatae
347 4339 601 4426 tranquillitatis
634 4339 840 4404 commodum
874 4339 1076 4416 reducamus,
1103 4341 1286 4426 opprobriis

232 4465 293 4508 nos
315 4447 504 4529 provocant,
525 4441 649 4527 asperis
672 4441 833 4506 infestant
855 4440 1116 4518 sermominibus,
1139 4447 1180 4518 et,
1198 4444 1285 4528 quod

233 4546 378 4611 deterius
412 4549 470 4621 est,
505 4549 575 4608 tam
609 4542 772 4608 horrenda
804 4541 900 4608 nobis
931 4543 1108 4628 imponunt
1141 4544 1285 4622 crimina,

269 4789 277 4820 ¹
294 4805 397 4854 suppare
407 4788 435 4838 in
447 4787 504 4839 MS.
757 4785 762 4853 Ι
816 4787 827 4820 ²
844 4787 917 4838 velud
928 4788 954 4838 in
966 4789 1023 4841 MS.
