3444 5792
628 868 814 918 mesauri.
1184 855 1248 918 411

200 1054 321 1121 curetis
357 1055 582 1121 transmittere
624 1077 682 1141 per
722 1055 935 1142 praesentium
972 1055 1173 1142 portitorem,
1212 1059 1253 1119 ut

201 1157 302 1223 etiam
324 1157 420 1244 plene
443 1159 538 1224 vobis
565 1163 694 1224 constet
725 1179 799 1244 quae
822 1163 857 1224 et
888 1157 1000 1244 qualia
1033 1164 1112 1223 sunt
1142 1157 1252 1236 verba,

202 1281 276 1346 quae
298 1260 335 1324 in
368 1261 497 1340 vestris,
521 1261 653 1326 domine
687 1260 789 1339 Prior,
822 1261 943 1326 litteris
970 1261 1169 1338 inseruntur,
1200 1281 1252 1325 co·

200 1363 289 1449 piam
312 1363 490 1429 earundem
513 1363 554 1428 de
576 1363 677 1429 verbo
699 1363 743 1428 ad
765 1363 903 1428 verbum
926 1363 1021 1428 vobis
1043 1361 1251 1439 remittimus,

201 1463 418 1550 praesentibus
440 1464 609 1531 inclusam.
655 1463 811 1529 Vestrum
834 1464 892 1528 diu
922 1464 1034 1531 valeat
1068 1461 1251 1551 Collegium

201 1567 238 1631 in
259 1572 382 1634 sanctae
405 1567 573 1655 religionis
596 1566 750 1653 operibus
773 1567 956 1633 fructuosis.

201 1779 468 1844 arengenrmeon.
546 1746 717 1826 Ricardus‚
741 1747 955 1834 permissione
977 1746 1102 1826 divina,
1125 1746 1251 1814 Dunol-
1264 1760 1308 1812 (οι.
1322 1765 1378 1812 ((5.

200 1846 328 1898 saroam.
502 1849 626 1914 mensis
649 1850 830 1935 episcopus,
850 1849 971 1916 dilecto
994 1849 1071 1928 filio,
1094 1839 1411 1936 magistroh'cflssesw

201 1947 342 2014 Ricardo
365 1949 405 2014 de
429 1949 565 2032 Eryum,
589 1951 708 2017 rectori
739 1949 883 2017 ecclesiae
915 1951 1012 2018 Beati
1038 1951 1193 2018 Nicholai
1215 1907 1399 2025 inii-'iiiia

200 2049 374 2128 Dunelmo,
417 2051 568 2130 salutem,
606 2053 758 2138 gratiam,
797 2057 832 2118 et
861 2053 1139 2120 benedictionem.
1201 2054 1252 2120 Ut

198 2152 345 2237 paternis
367 2152 540 2219 affectibus
562 2155 737 2219 metientes
760 2154 832 2234 tibi,
856 2155 1073 2221 confessorem
1095 2156 1251 2222 idoneum

200 2251 337 2319 valeas¹
361 2253 481 2340 eligere
505 2255 563 2341 qui
597 2255 836 2322 confessionem
870 2256 995 2334 audiat,
1019 2261 1054 2322 et
1086 2257 1251 2343 preniten-

201 2357 281 2422 tiam
304 2356 484 2422 salutarem
514 2359 678 2444 injungat,
703 2359 835 2425 etiamsi
857 2379 951 2424 casus
975 2360 1167 2426 emerserint
1192 2361 1251 2446 qui

199 2459 294 2523 nobis
317 2459 358 2524 de
376 2459 453 2544 jure
476 2460 663 2546 specialiter
692 2465 911 2538 reservantur,
934 2461 1007 2540 tibi,
1030 2465 1145 2527 tenore
1167 2485 1250 2549 prce-

199 2563 351 2641 sentium,
374 2561 545 2629 licentiam
575 2563 793 2650 indulgemus.
848 2563 939 2630 Vale.
994 2564 1037 2629 ln
1062 2563 1165 2651 cujus,
1189 2569 1249 2632 etc.

198 2665 324 2732 Datum
347 2665 445 2750 [etc.].

201 2841 332 2906 obligatio
393 2856 440 2906 pro
542 2829 667 2896 Tenore
697 2829 911 2916 praesentium
941 2835 1055 2918 pateat
1077 2832 1248 2911 universis,
1262 2847 1308 2898 rol.
1323 2851 1378 2900 ras.

198 2906 446 3039 fflfflifflss
497 2933 587 3018 quod
610 2955 670 3020 ego
692 2931 855 2999 Ricardus
878 2934 919 2999 de
941 2933 975 3000 la
996 2934 1125 3012 Rivere,
1144 2939 1250 3000 rector
1262 2925 1410 3058 gbffig}

199 3055 285 3091 renna·
497 3035 642 3102 ecclesiae
695 3035 736 3100 de
785 3035 988 3122 Brundesby,
1036 3035 1417 3124 Eboracensrsfortrespm-

201 3138 358 3216 dioecesis,
381 3143 496 3204 teneor
521 3143 556 3203 et
587 3136 761 3203 efficaciter
791 3159 865 3202 sum
888 3138 1045 3202 astrictus
1067 3139 1250 3206 venerabili
1263 3125 1397 3258 ffssffl‘

200 3241 296 3328 patri,
329 3240 462 3306 domino
500 3239 651 3318 Ricard0‚
681 3238 746 3305 Dei
777 3241 895 3326 gratia,
927 3238 1148 3306 Dunolmcnsi
1182 3242 1389 3328 epi-perros¹

199 3365 305 3430 scopo,
328 3343 364 3406 in
379 3341 600 3428 quadraginta
621 3341 716 3406 libris
731 3342 963 3429 sterlingorum
986 3363 1047 3430 pro
1069 3349 1250 3430 transgres-
1263 3326 1355 3390 ⁰¹⁶5k·

200 3445 356 3522 sionibus,
379 3443 415 3508 in
446 3463 544 3528 parco
576 3463 635 3507 suo
668 3443 709 3507 de
740 3441 862 3528 Oreyk,
885 3465 944 3530 per
970 3467 1023 3510 me
1046 3445 1111 3511 sibi
1134 3446 1251 3526 factis3

200 3569 299 3633 quam
337 3545 471 3632 quidem
509 3544 657 3630 pecuniae
695 3566 857 3610 summam
889 3547 1048 3632 promitto
1086 3569 1147 3627 me,
1185 3547 1251 3616 fide

201 3650 310 3715 media
339 3653 374 3714 et
406 3647 566 3734 corporali
600 3647 750 3734 praestito
783 3649 985 3735 juramento,
1020 3649 1129 3715 eidem
1162 3653 1251 3738 patri

199 3751 342 3817 fideliter
372 3754 407 3816 et
439 3750 568 3836 integre
599 3749 785 3815 soluturum
819 3750 856 3813 in
888 3749 972 3816 festo
1007 3751 1250 3830 Purificationis

199 3855 312 3920 Beata
350 3853 466 3918 Mariae
503 3851 654 3938 proximo
690 3851 811 3916 futuro.
872 3853 927 3917 Ad
964 3874 1064 3938 quam
1101 3857 1250 3942 pecuniae

200 3956 406 4032 solutionem,
430 3958 471 4019 ut
500 3953 725 4040 praemittitur‚
760 3953 954 4034 faciendam,
985 3978 1037 4022 me
1071 3963 1106 4024 et
1139 3959 1251 4025 omnia

199 4060 287 4124 bona
308 4078 389 4136 mea,
424 4055 561 4122 mobilia
593 4061 628 4120 et
659 4055 851 4134 immobilia,
879 4057 986 4122 eidem
1017 4060 1106 4146 patri
1140 4061 1250 4149 obligo

200 4185 259 4250 per
280 4165 466 4247 praesentes.
513 4157 555 4222 In
577 4157 671 4243 cujus
693 4158 742 4223 rei
764 4158 1001 4239 testimonium,
1025 4167 1085 4230 etc.

200 4356 432 4411 Liberatioeotidi-
542 4321 726 4401 Universis,
749 4327 809 4390 etc.
840 4331 1018 4412 praesentes
1048 4329 1177 4397 litteras
1198 4333 1379 4400 intellec.

200 4443 256 4477 ana.
499 4424 667 4512 specturis,
717 4425 837 4491 Frater
889 4428 989 4515 Hugo
1042 4431 1083 4497 de
1135 4433 1249 4500 Monte
1261 4425 1386 4558 affl,

201 4527 288 4603 Alto,
311 4524 500 4604 monachus,
524 4527 683 4614 Magister
715 4527 900 4614 Hospitalis
933 4531 1048 4600 Sancti
1075 4535 1187 4622 Egidii
1209 4537 1419 4610 desmenmee'

201 4627 345 4714 Kipiere‚
376 4635 411 4695 et
443 4629 561 4697 fratres
592 4629 739 4716 ejusdem
773 4631 844 4709 loci,
868 4633 1009 4700 salutem
1040 4637 1076 4702 in
1107 4627 1411 4757 Dominoffitfflg‘f

1263 4759 1334 4810 Giles
1345 4758 1377 4809 of

233 4799 242 4834 ¹
261 4801 349 4852 calcos
359 4799 386 4850 in
398 4799 454 4854 ΜΒ.
720 4800 726 4868 Ι
782 4801 793 4834 ²
805 4818 873 4867 Pflro
886 4803 913 4856 in
923 4805 979 4859 MS.
1261 4825 1374 4892 Kipiere.
