3444 5792
665 899 851 949 rxcaarra.
1222 889 1285 953 385

229 1078 310 1143 tatis
342 1084 377 1146 et
399 1081 700 1166 circumspectionis
734 1081 903 1147 industria
925 1081 1058 1167 plenam
1081 1081 1118 1146 in
1141 1081 1286 1148 Domino
1301 1093 1453 1145 aunem.

230 1178 385 1246 fiduciam
419 1182 617 1261 obtinentes,
651 1204 712 1250 vos
743 1183 957 1250 senescallum
979 1190 1131 1249 nostrum
1164 1185 1285 1250 consti·
1299 1171 1455 1223 messaara

230 1282 364 1362 tuimus,
388 1289 423 1350 et
454 1285 638 1350 custodiam
670 1290 793 1351 nostrae
824 1285 924 1372 regiae
958 1285 1124 1350 libertatis
1156 1235 1431 1370 Dunol-iibiiiyof

231 1386 352 1450 mensis
375 1391 410 1451 et
440 1386 595 1472 Sadberg'
619 1387 714 1452 vobis
737 1388 984 1464 committimus,
1007 1409 1066 1472 per
1089 1369 1420 1487 presentesfflffl

231 1489 347 1556 dantes
384 1493 479 1557 vobis
524 1498 721 1578 potestatem
759 1493 941 1578 plenariam
979 1493 1138 1579 populum
1185 1495 1283 1561 dictae
1297 1502 1383 1566 berge.

229 1590 394 1658 libertatis
416 1593 651 1659 Dunolmensis
677 1616 737 1681 pro
760 1595 946 1661 salvatione
967 1593 1108 1681 patriae¹
1131 1596 1284 1682 quotiens

231 1701 453 1780 opportunum
476 1697 629 1762 videritis
652 1697 855 1764 convocandi
878 1703 913 1763 et
936 1699 1112 1764 convenire
1143 1699 1283 1785 compel-

231 1794 328 1874 lendi,
352 1798 503 1865 collectas
537 1799 728 1885 imponendi
750 1804 786 1864 et
817 1799 961 1878 levandi,
983 1799 1129 1877 rebelles,
1162 1800 1191 1864 si
1225 1801 1283 1886 qui

230 1896 362 1978 fuerint,
378 1905 493 1966 contra
514 1902 667 1967 ordinata
690 1923 749 1987 pro
764 1901 931 1968 communi
953 1901 1109 1980 utilitate,
1126 1922 1184 1966 seu
1207 1923 1283 1968 con-

230 2000 432 2080 tradictores,
447 2003 624 2081 coercendi,
639 2009 807 2089 suspectos
830 2008 944 2068 contra
959 2024 1073 2089 pacem
1088 2003 1283 2069 notabiliter

230 2099 271 2164 de
300 2101 390 2167 dicta
415 2102 569 2168 libertato
591 2103 776 2181 amovendi,
799 2103 1010 2168 inferioribus
1040 2103 1175 2168 ballivis
1207 2126 1282 2169 nos-

230 2202 291 2268 tris
313 2203 349 2267 in
371 2203 438 2268 hiis
460 2225 534 2290 quae
565 2204 609 2268 ad
631 2203 755 2269 dictam
787 2205 972 2270 custodiam
994 2203 1166 2291 pertinent
1199 2227 1282 2290 prae-

230 2309 325 2390 cspta
347 2310 382 2370 et
403 2305 562 2371 mandata
583 2305 734 2384 faciendi,
750 2311 785 2370 st
799 2306 912 2371 omnia
927 2305 994 2371 alia
1010 2306 1185 2371 exercendi
1207 2327 1282 2391 quae

230 2406 381 2472 custodes
415 2407 561 2493 ejusdem
593 2406 698 2472 facere
732 2411 975 2473 consueverunt
997 2412 1032 2471 et
1065 2407 1165 2472 etiam
1188 2427 1280 2472 exer·

230 2529 308 2574 cere.
355 2508 515 2590 Quocirca
545 2509 698 2574 omnibus
720 2508 874 2574 fidelibus
905 2508 1027 2574 nostris
1062 2508 1160 2573 dictae
1183 2507 1281 2572 liber·

229 2611 310 2677 tatis
342 2610 481 2677 firmiter
513 2611 719 2698 injungimus
751 2617 787 2676 at
817 2611 1023 2686 mandamus,
1057 2611 1146 2696 quod
1176 2611 1279 2688 vobis,

229 2717 390 2799 tanquam
421 2713 597 2780 senescallo
631 2719 666 2779 et
697 2713 825 2779 custodi
863 2712 1019 2798 ejusdem,
1052 2712 1089 2776 in
1120 2711 1280 2776 omnibus

229 2816 413 2902 praemissis,
430 2820 465 2880 et
486 2815 560 2880 aliis
576 2836 649 2901 quae
662 2815 705 2880 ad
727 2835 932 2880 communem
950 2813 1133 2878 utilitatem
1148 2813 1281 2880 nomine

229 2923 341 2984 nostro
373 2917 536 2983 duxeritis
567 2917 794 2994 ordinandum,
818 2917 887 2981 sint
915 2921 956 2982 ut
986 2920 1150 2994 tenentur,
1173 2915 1282 2980 humi-

229 3019 307 3085 liter
344 3019 561 3086 intendentes.
625 3018 666 3082 ln
704 3017 798 3104 cujus
830 3018 887 3096 rci,
919 3021 987 3096 etc,
1011 3039 1071 3104 pro
1109 3017 1282 3083 voluntate

228 3126 342 3188 nostra
364 3117 563 3188 duraturas.8

229 3352 495 3406 Licennaineluoenoi
572 3321 747 3388 Universis
775 3321 902 3388 Christi
924 3323 1086 3398 fidelibus,
1101 3325 1434 3408 praesentass01.1sst.

230 3421 393 3485 fonteneto.
527 3424 640 3490 literas
655 3425 860 3510 inspecturis,
877 3425 1124 3502 Ricarduaetc,
1137 3423 1278 3488 salutem
1292 3417 1439 3471 mamerto
1572 3469 1581 3481 .

229 3523 266 3588 in
295 3525 503 3611 amplexibus
534 3525 725 3591 Salvatoris.
773 3525 908 3591 Ordinis
939 3527 1080 3591 fratrum
1111 3525 1277 3591 Minorum
1290 3485 1433 3602 iffi&

230 3631 352 3692 sanctae
375 3627 543 3714 religionis
565 3627 746 3704 beatitudo,
768 3647 828 3712 pro
854 3627 961 3693 saluto
976 3627 1125 3692 fidelium
1140 3626 1177 3690 in
1199 3617 1450 3713 sagro.Gf³¹¹⁸²¹¹¹›to

229 3726 365 3793 Domini
380 3729 579 3807 constitutae,
595 3728 694 3794 corda
708 3727 817 3792 Deum
840 3729 1031 3794 timentium
1058 3729 1223 3805 admonet,
1238 3733 1278 3792 ut
1289 3686 1443 3802 iiiiii&

228 3829 341 3894 taliter
362 3829 406 3895 ad
431 3835 512 3897 vota
538 3851 599 3896 sua
633 3829 860 3916 prosequenda
893 3853 927 3896 se
965 3829 1192 3897 favorabiliter
1220 3816 1406 3933 ap-ssl'gtffrssm

229 3933 362 4018 plicent,
395 3934 484 4020 quod
519 3933 661 4000 exclusis
691 3933 942 3999 necessitatibus
982 3933 1183 4010 extrinsecis,
1213 3933 1278 4017 ipsr
1293 3949 1434 4000 cuunra-

229 4034 347 4101 fratres
374 4057 471 4101 suum
495 4036 690 4123 impendant
705 4035 878 4100 Altissimo
902 4035 1047 4121 quietius
1072 4034 1276 4101 famulatum.
1290 4015 1432 4132 {gffigtst

230 4135 264 4200 N
266 4158 301 4202 os
316 4138 438 4224 itaque,
453 4138 582 4206 labores
608 4138 771 4204 dictorum
795 4138 935 4203 fratrum
951 4137 988 4202 in
1003 4137 1126 4202 divinis
1142 4134 1280 4212 officiis,⁴
1291 4149 1326 4212 by
1335 4149 1425 4198 lesden

229 4239 349 4324 quibus
378 4240 602 4306 indesinenter
626 4239 795 4318 insistunt,
823 4239 980 4304 studiosis
1007 4239 1181 4304 affectibus
1211 4213 1448 4331 me-fflffissm

229 4341 383 4420 ditantes,
406 4343 564 4408 fratribus
588 4340 863 4409 conventualibus
892 4341 982 4428 apud
1014 4339 1168 4418 Grsbam,
1193 4339 1279 4425 ejus·
1292 4345 1447 4408 bonham.

262 4545 269 4576 ¹
287 4544 396 4610 propria,
410 4544 470 4609 Ray.
481 4543 602 4606 Kellawe,
613 4543 639 4594 ii.
652 4546 709 4594 686.
780 4549 871 4608 quarto
899 4543 1007 4606 decimo,
1027 4549 1053 4594 et
1080 4541 1280 4594 consecrationis

261 4622 419 4676 ’nosnaein
431 4623 488 4676 MS.
779 4629 872 4674 nosne
884 4629 980 4687 quarto.

261 4699 272 4734 ⁸
288 4703 385 4753 Datum
396 4705 466 4768 apud
472 4703 637 4764 Dunolmum,
645 4699 727 4753 xxvia
812 4700 823 4733 ⁴
840 4699 976 4764 obsequiis,
988 4699 1061 4750 Keil.
1074 4699 1173 4766 Rapiat.

230 4779 728 4844 dichcembris‚annoDominirr⁰.occ⁰.

317 4879 394 4932 VOL.
417 4879 464 4932 1v.
1089 4875 1111 4923 B
1125 4876 1148 4923 B
