3444 5792
453 829 519 900 874
883 845 1070 896 axoanrrs„

331 1067 400 1120 Α»,
454 1063 541 1143 ῃμ,
556 1081 604 1144 12¹⁰
626 1065 700 1120 wi,
799 1032 990 1150 Venerabili
1026 1035 1063 1100 in
1083 1032 1230 1152 ‘Christo
1266 1035 1409 1152 domino·
1439 1055 1496 1100 suo

284 1135 426 1268 let?
454 1134 738 1303 mr
752 1137 1496 1306 musteus·

285 1291 443 1421 fflfm
456 1255 674 1424 W[ulldrus],¹
696 1338 845 1424 ejusdem
867 1291 1080 1426 permissiorle
1096 1340 1344 1426 [Ooventrensis
1357 1261 1389 1407 dt
1403 1260 1498 1406 Lidl

285 1423 418 1545 {mm
454 1437 610 1504 foldensis
632 1440 827 1528 episcopus]‚
850 1447 885 1508 et
907 1443 943 1508 in
965 1443 1056 1508 omni
1078 1443 1256 1510 devotione
1271 1449 1306 1509 et
1319 1443 1499 1509 reverentia

286 1497 424 1609 mesill-
454 1541 605 1608 utatur
630 1543 854 1630 semetipsum
914 1543 957 1608 In
978 1565 1058 1631 agro
1080 1544 1268 1612 delectabili
1286 1544 1499 1631 jocunditatis

287 1624 402 1754 {⁸³}ssss
455 1649 490 1712 et
511 1644 642 1712 laetitire
662 1665 731 1711 non
745 1645 817 1712 sine
831 1647 1011 1712 suavitatis
1029 1647 1129 1712 odore
1148 1647 1220 1713 laeti
1235 1648 1499 1733 conquiescimus,

286 1753 418 1822 sinopes
455 1749 492 1814 in
516 1747 613 1814 horto
635 1747 818 1815 virescente
843 1749 981 1816 floribus
1011 1749 1203 1815 foecundoto
1227 1751 1444 1836 jocunditatis
1466 1755 1501 1814 et

289 1823 411 1875 Durum.
455 1849 585 1916 ltetitioe
607 1849 699 1916 intus
718 1851 902 1936 gaudentes
927 1849 1321 1937 “conquiescimus2n0n
1338 1852 1407 1917 sine
1426 1873 1500 1916 sos-

457 1952 607 2018 “vitatis
621 1952 720 2018 odore
729 1951 745 1980 ”
768 1953 850 2018 dum
865 1953 906 2020 de
927 1953 1053 2020 salubri
1075 1957 1168 2020 statu
1185 1975 1226 2024 sc
1239 1960 1352 2020 vestra
1372 1975 1501 2042 prospe·

456 2053 557 2121 ritate
578 2055 696 2120 votiva
716 2055 804 2142 grati
826 2055 922 2122 nobis
937 2055 1134 2122 deferuntur
1153 2078 1310 2135 rumores,
1326 2058 1362 2121 in
1384 2057 1500 2143 quibus

452 2157 580 2244 jugiter
600 2156 783 2235 audiendis,
806 2161 902 2222 tanto
928 2157 1123 2245 propensius
1153 2158 1355 2225 delectamur
1380 2163 1501 2244 quanto

456 2257 494 2324 in
514 2257 637 2323 nostris
652 2257 789 2344 agendis
811 2257 1012 2344 profectibus
1026 2263 1145 2324 vcstrae
1166 2259 1400 2326 dominationis
1420 2281 1501 2346 prs,h

457 2360 579 2426 sidium
600 2359 697 2426 nobis
717 2359 852 2426 affuisse
874 2361 1005 2426 assidue
1022 2361 1173 2428 interiori
1195 2363 1316 2428 mentis
1338 2361 1407 2428 eois
1428 2383 1501 2428 con·
1563 2355 1566 2362 ’

456 2461 675 2548 templsmur3
704 2461 937 2528 beneficiorum
969 2485 1049 2529 vero
1081 2467 1117 2529 et
1146 2464 1385 2530 liberalitstum
1410 2463 1501 2529 nobis

457 2587 516 2652 per
536 2569 657 2630 vestrae
686 2565 903 2652 gratitudinis
933 2565 1137 2632 affluentium
1167 2567 1289 2632 nostris
1314 2588 1382 2632 non
1403 2567 1500 2632 inter·

456 2666 667 2733 venientibus
697 2667 826 2732 meritis
858 2668 1082 2754 impensorum
1112 2689 1181 2733 non
1203 2669 1407 2734 immemores
1436 2689 1502 2735 esse

457 2790 526 2835 non
546 2789 730 2856 possumus,
759 2789 820 2834 nec
842 2769 978 2835 modum
1009 2773 1070 2834 aut
1094 2769 1185 2836 vium
1208 2771 1424 2857 conspicimus
1445 2791 1502 2857 per

458 2893 541 2958 quos
555 2876 651 2938 tanto
674 2870 874 2938 benefactori
889 2871 1152 2940 vicissitudinem
1167 2873 1393 2958 rependamus
1434 2873 1501 2938 Nos

458 2975 572 3060 itaque
593 2977 742 3039 vestrum
764 2973 922 3039 devotum
952 2973 1129 3060 ibicunque
1151 2976 1410 3061 recognoscimus
1431 2997 1502 3062 par·

458 3081 532 3142 atos
547 3076 688 3142 ubilibet
702 3075 746 3141 ad
768 3095 897 3161 eaquae
912 3075 1098 3162 placuerint
1118 3077 1208 3142 votis
1229 3078 1368 3158 vestris3
1397 3083 1502 3144 atten-

459 3179 582 3256 dentes,
606 3177 739 3244 domine
760 3177 995 3256 amantissime,
1019 3177 1108 3263 quod
1138 3199 1228 3244 nova
1248 3179 1409 3246 notabilis
1430 3201 1501 3247 cum

458 3279 650 3347 emerserint
671 3281 708 3344 in
730 3279 854 3367 Anglia
875 3279 990 3346 audire
1018 3280 1234 3366 proculdubio
1255 3283 1413 3348 ornaretis
1433 3304 1502 3349 ves·

458 3507 475 3534 “
491 3503 605 3554 nicoeam
613 3502 733 3554 noveritis
743 3503 776 3553 ds
787 3502 890 3554 dominc
901 3517 959 3553 nos-

458 3587 475 3612 “
491 3589 531 3633 tro
559 3597 620 3648 rege
647 3582 799 3647 quantocius
826 3581 959 3633 liberando

1008 3505 1025 3533 ‘⁴
1042 3509 1082 3553 tra
1092 3501 1189 3554 diocesi
1207 3519 1254 3568 pro
1272 3504 1330 3568 ipso
1343 3519 1428 3570 preces
1439 3507 1503 3569 epod

1008 3586 1025 3611 “
1042 3581 1204 3634 Altisrimum
1213 3583 1311 3634 scietis
1322 3583 1425 3645 effundi,
1435 3583 1502 3634 ‘Plu-

457 3665 474 3692 “
491 3675 551 3712 cum
568 3659 670 3712 domiuo
681 3660 831 3724 imperatore
848 3661 903 3724 ism
914 3659 960 3711 hs-

458 3743 474 3771 ⁴⁴
491 3741 576 3792 buires
587 3747 730 3792 uerutum.
766 3739 874 3801 Omnem
891 3739 959 3790 enim

458 3826 474 3851 “
491 3819 615 3886 impendit
631 3821 744 3870 laborem
763 3827 788 3870 et
807 3833 920 3884 operum,
931 3825 959 3870 ut

459 3904 474 3931 ‘¹
491 3900 515 3952 ei
537 3905 640 3965 prestet
660 3899 816 3964 obsequium,
833 3905 860 3950 et
881 3899 959 3965 ηςίω

458 3979 608 4031 “debitum
635 3978 792 4041 reverentia,
821 3985 847 4029 et
868 3977 960 4029 honori

458 4064 475 4090 “
491 4067 599 4127 patum,
610 4067 637 4110 et
647 4057 708 4110 utile
719 4059 751 4109 ad
762 4073 881 4122 presens,
893 4056 960 4109 sicut

459 4142 477 4170 “
493 4137 602 4200 stelias,
613 4139 716 4202 plenum
726 4135 846 4188 exhibeat
852 4135 959 4187 famula-

458 4221 475 4248 “
492 4224 563 4278 tum,
580 4215 646 4267 sicut
656 4218 689 4266 ab
701 4215 737 4267 eis
753 4216 903 4280 recepimus,
915 4215 958 4281 qui

1007 3663 1023 3690 “
1042 3661 1153 3712 ‘rimum
1178 3662 1245 3712 enim
1272 3663 1341 3714 velet
1367 3662 1503 3728 deprecatio

1007 3743 1023 3769 ‘⁸
1040 3743 1048 3770 ‘
1058 3741 1122 3806 justi
1141 3741 1266 3803 assidua?
1290 3748 1316 3792 et
1337 3741 1503 3807 inopportune

1007 3822 1024 3848 “
1040 3819 1130 3871 mulier
1151 3821 1178 3870 in
1191 3820 1334 3886 Evangelio
1355 3820 1444 3873 meruit
1462 3837 1503 3872 ex·

1007 3902 1025 3928 “
1042 3899 1134 3962 audiri,
1166 3905 1201 3962 et,
1234 3899 1301 3951 sicut
1335 3899 1371 3950 rbi
1405 3899 1503 3960 dicitur,

1007 3982 1023 4010 ‘⁴
1041 3978 1158 4031 Christus
1180 3979 1263 4030 fllium
1285 3979 1427 4042 maritavit,
1448 3979 1504 4044 quis

1007 4061 1024 4087 “
1041 4059 1128 4109 mults
1139 4073 1186 4122 pro
1198 4074 1228 4110 eo
1239 4059 1360 4124 lacryma
1368 4057 1505 4110 fundebun-

1008 4141 1025 4166 “
1041 4143 1091 4188 tur.
1119 4137 1237 4190 vnete?

1041 4214 1050 4247 ¹
1067 4216 1131 4266 'l'hls
1142 4217 1216 4266 letter
1226 4231 1280 4266 rrae
1291 4215 1434 4285 seemingly
1440 4215 1503 4266 rm't-

458 4299 474 4326 “
491 4294 661 4347 interfuerunt
679 4294 814 4358 colloquio,
834 4297 903 4360 quod
926 4297 959 4346 de
1007 4301 1052 4346 ten
1070 4295 1106 4361 by
1117 4295 1217 4347 Walter
1227 4295 1260 4345 de
1271 4295 1400 4362 Leogton,
1417 4293 1504 4359 bishop

458 4377 475 4406 ⁴‘
491 4383 578 4425 nosne
589 4373 691 4425 domino
702 4373 833 4425 liberando
844 4389 903 4424 cum
913 4377 959 4426 do-
1007 4374 1036 4426 ci
1055 4374 1185 4440 covenuy
1204 4377 1257 4426 sud
1275 4373 1410 4438 neuneu,
1431 4377 1504 4426 about

458 4457 475 4484 “
492 4453 563 4504 mino
584 4451 699 4518 principe
718 4451 835 4503 dominus
854 4453 959 4504 Betoni·
1007 4449 1051 4504 the
1069 4454 1120 4504 end
1136 4454 1166 4505 oi
1187 4453 1263 4519 April
1287 4457 1361 4515 loos,
1380 4469 1409 4506 es
1428 4469 1504 4519 queen

459 4535 475 4562 ‘⁴
492 4530 560 4584 eneis
570 4531 689 4584 lubebat.
699 4530 891 4598 qutgquoniam
903 4531 959 4581 nni-
1008 4533 1162 4598 Mmgsret'e
1183 4533 1308 4600 daughter
1327 4533 1439 4584 memor
1456 4547 1504 4583 erre

458 4613 475 4640 ‘⁴
493 4611 575 4662 versis
596 4609 726 4662 eventibus
745 4609 870 4661 Divinum
887 4617 927 4662 eet
943 4627 960 4662 s
1008 4611 1074 4662 born
1085 4625 1117 4661 on
1128 4611 1172 4662 the
1184 4612 1229 4662 eth
1240 4611 1505 4677 orMayinttrtyeu

458 4691 475 4718 ‘¹
493 4689 551 4741 Deo
569 4689 693 4750 auxilium
710 4689 907 4756 implorandum,
918 4704 959 4741 ro-
1008 4696 1035 4740 et
1046 4689 1215 4741 Wincbeeter.

458 4771 476 4797 “
492 4783 590 4833 gamus,
601 4775 726 4835 quatenus
736 4769 765 4820 in
775 4767 893 4822 universe
904 4783 960 4820 ver-

1043 4768 1054 4802 ¹
1064 4768 1265 4834 conquiescimus
1276 4806 1283 4820 .
1296 4805 1304 4820 .
1315 4807 1321 4821 .
1333 4768 1498 4822 odorsinliS
