3464 5780
533 887 580 938 nx
603 888 704 940 rnen.
729 890 825 940 ruer.
850 889 1034 940 assuurrrr.
1239 875 1301 940 255

258 1053 298 1128 in
316 1077 405 1127 casu
424 1053 465 1126 in
484 1077 559 1152 quo
576 1050 797 1148 hujusmodi
819 1048 1029 1148 juramenti
1049 1051 1305 1146 transgressor
1359 1072 1431 1122 rere.

258 1169 429 1243 extiterit
464 1171 514 1242 sit
548 1193 571 1242 a
601 1192 671 1242 sua
699 1167 978 1268 prebendanisro
996 1167 1101 1240 laeto
1118 1166 1301 1264 privatus.

259 1287 336 1376 Qui
354 1289 519 1383 quatuor
536 1285 724 1384 capellani
752 1285 902 1382 prefato
930 1285 1067 1357 rectori
1100 1287 1305 1357 teneantur

255 1402 295 1476 iu
321 1403 498 1476 omnibus
528 1427 603 1501 que
632 1402 680 1476 ad
712 1401 887 1476 divinum
913 1401 1082 1475 officium
1107 1401 1305 1500 pertinent

255 1519 453 1594 humiliter
481 1519 643 1592 obedire.
696 1518 784 1592 Alie
817 1542 906 1591 vero
934 1521 1098 1616 quatuor
1114 1517 1305 1616 prebende

256 1657 354 1742 quaa
373 1636 543 1735 quelibet
576 1635 778 1710 annuatim
794 1635 937 1710 valebit
966 1635 1106 1732 viginti
1134 1635 1304 1735 quinque

257 1753 431 1827 marchas
459 1751 682 1849 hujusmodi
710 1752 917 1859 sterlingep
952 1754 1117 1850 quatuor
1147 1750 1305 1828 eliciet

255 1869 461 1946 scolaribus
478 1869 634 1969 ydoneis
652 1871 751 1966 aptis
780 1869 829 1943 ad
846 1894 863 1943 s
882 1869 1018 1944 udium
1044 1869 1186 1966 signari
1203 1888 1302 1970 quop

255 1987 331 2064 duo
349 1989 391 2062 in
408 1987 601 2084 theologia
616 1985 645 2059 l
662 1986 729 2062 alii
746 1985 821 2060 duo
848 1986 891 2059 in
919 1983 1005 2082 jure
1032 1987 1213 2061 mnonico
1240 1986 1304 2062 vel

255 2106 360 2180 civili
377 2105 597 2180 studebunt.
651 2104 703 2177 Et
720 2102 883 2202 quilibet
900 2121 968 2204 eop
996 2103 1039 2176 in
1068 2105 1303 2179 assecutione

254 2221 443 2321 prebende
462 2245 536 2320 que
553 2220 626 2295 sibi
643 2220 901 2317 assignabitur
921 2219 1070 2317 jurabit
1094 2220 1143 2295 ad
1172 2225 1303 2296 saneta

255 2339 328 2421 Dei
362 2338 575 2436 Evangelia
598 2337 843 2436 corporaliter
871 2361 991 2412 manu
1016 2340 1120 2411 tacta
1139 2337 1303 2414 fideliter

255 2455 463 2530 scolasticis
507 2455 684 2530 insistere
730 2451 939 2552 disciplinis
989 2476 1034 2528 ae
1077 2454 1233 2529 solerter
1275 2454 1301 2528 ‘t

255 2573 402 2648 curiose
431 2572 602 2648 studium
630 2571 856 2648 continuare
885 2593 930 2644 ae
947 2570 1127 2669 prosequi
1146 2595 1299 2671 quousq

218 2689 221 2694 ’
255 2691 415 2788 quilibet
432 2709 499 2796 eoa
517 2691 559 2764 in
582 2689 769 2764 facultate
795 2689 837 2762 in
865 2711 942 2787 qua
969 2687 1160 2762 studuerit
1185 2689 1303 2764 fuerit

253 2809 481 2884 doctoratus.
535 2807 661 2900 Quare
691 2811 737 2882 tu
766 2805 934 2904 predicte
960 2805 1030 2902 elie
1046 2805 1156 2880 nobis
1174 2807 1301 2882 humi·

253 2925 342 2999 liter
370 2924 594 3024 supplicasti
623 2928 669 2998 ut
697 2947 788 2998 cum
821 2923 991 3022 predicte
1019 2945 1167 2998 summe
1187 2929 1303 3024 prout

253 3065 321 3139 pro
366 3064 557 3140 unoquoq
599 3041 792 3140 predicto}
838 3039 1016 3114 distincte
1059 3043 1150 3115 sunt
1187 3042 1303 3140 juxta

254 3158 376 3257 patrie
410 3153 666 3232 conditionem
694 3156 852 3232 erulibet
873 3175 942 3263 eoa
970 3156 1049 3230 sint
1077 3179 1244 3255 congrue
1273 3155 1301 3230 t
1376 3177 1378 3180 ·

255 3273 485 3348 sufficientes
502 3295 654 3368 necnon
670 3274 821 3348 fructus
838 3273 1010 3348 redditus
1038 3271 1065 3346 l
1092 3279 1300 3371 proventus

112 3453 114 3456 .
253 3389 354 3486 ipius
383 3388 500 3466 ecclic
526 3390 774 3491 parrochialis
802 3389 850 3468 ad
878 3391 950 3464 hec
977 3390 1107 3464 omnia
1132 3391 1302 3466 sufficere

254 3507 500 3582 dinoscantur
526 3507 694 3581 ordinari
724 3530 768 3580 ea
794 3507 925 3581 omnia
947 3507 1176 3582 auctoritate
1210 3531 1300 3608 apo·
1353 3541 1354 3545 ¹

253 3624 387 3698 stolica
403 3623 682 3699 mandaremus.
735 3623 816 3698 Nos
833 3624 953 3722 igitur
970 3625 1037 3724 qui
1060 3626 1160 3700 inter
1176 3629 1303 3704 cetera

253 3740 437 3816 desideria
477 3741 598 3816 cordis
625 3742 748 3817 nostri
781 3743 964 3842 precipue
997 3742 1224 3818 affectamus
1257 3749 1303 3821 ut

253 3855 446 3956 predictus
473 3859 600 3934 cultus
625 3859 777 3934 divinus
799 3858 962 3934 ubilibet
987 3863 1174 3957 augeatur
1199 3861 1301 3937 frue-

254 3979 352 4072 tueq
365 3975 546 4083 seientiaq
565 3975 630 4072 (ex
643 3977 783 4076 quibus
794 3999 873 4050 nen
889 3977 1015 4050 solum
1027 3976 1179 4083 animap
1199 3977 1300 4054 salus

254 4093 448 4168 sedeciam
458 4095 684 4193 temporalia
695 4094 852 4167 comoda
862 4092 1061 4190 provenire
1071 4095 1300 4196 noscuntur)

232 4209 301 4283 'ad
318 4209 392 4282 Dei
407 4211 561 4286 laudem
574 4213 613 4286 et
631 4211 792 4308 gloriam
817 4209 1060 4308 amplientur.
1113 4211 1165 4286 Et
1189 4237 1301 4313 prop·

252 4329 356 4402 terea
372 4329 441 4402 tua
457 4327 521 4426 pia
538 4325 722 4402 desideria
740 4325 862 4400 eciam
871 4325 1090 4426 profectum
1100 4328 1302 4427 publicum

252 4441 519 4516 concernentia
561 4441 603 4514 in
647 4442 719 4516 hae
753 4443 862 4540 parto
903 4441 1086 4539 compleri
1128 4443 1300 4520 volentes

251 4559 471 4657 hujusmodi
501 4559 842 4658 supplicationibus
872 4557 1050 4632 inclinati
1081 4558 1300 4636 discretioni

253 4675 317 4750 ire
346 4681 392 4750 ut
409 4700 476 4751 vos
503 4699 634 4750 omnes
664 4675 726 4782 vel
753 4681 798 4750 tu
825 4676 943 4749 frater
973 4675 1042 4771 epe
1072 4699 1162 4750 cum
1180 4678 1299 4778 altero

248 4793 334 4870 vim
369 4793 441 4868 filii
477 4793 580 4898 prior
605 4791 634 4865 l
660 4793 923 4868 archidiacone
950 4792 1121 4896 predicta
1140 4794 1298 4874 omniat
