3444 5792
668 855 854 908 nxcmrra
1225 844 1290 910 395

236 1062 373 1130 gravem
394 1045 430 1109 et
444 1060 611 1110 enormem
625 1039 775 1108 fecenrnt
790 1039 961 1119 insultum,
985 1040 1140 1128 ipsosque
1154 1042 1290 1108 tandem
1303 1061 1374 1115 Am.
1387 1065 1461 1116 1³1⁷.

136 1149 139 1153 ’
236 1145 403 1212 hostiliter
425 1149 592 1231 oeperunt,
613 1163 653 1210 ac
674 1143 770 1210 bonis
796 1143 865 1209 suis
888 1142 1051 1222 omnibus,
1075 1165 1150 1229 quae
1172 1165 1290 1231 appre-

236 1247 379 1314 hendere
413 1251 575 1334 poterant,
599 1245 791 1332 spoliarunt
849 1245 904 1324 Et,
941 1251 1017 1332 post
1054 1246 1125 1324 hoc,
1159 1248 1290 1314 eosdem

238 1349 429 1427 cardinales,
452 1369 527 1416 cum
560 1346 696 1414 familiis
727 1347 804 1424 suis
839 1347 887 1414 sic
918 1347 1075 1434 spoliatos
1109 1353 1144 1414 et
1174 1350 1290 1426 nudos,

238 1453 361 1537 absque
383 1471 555 1538 corporum
584 1449 725 1527 laesione,
748 1448 864 1514 divina
892 1470 947 1515 eos
977 1449 1153 1516 clementia
1182 1455 1290 1536 prote·

238 1560 345 1642 gente,
368 1553 589 1640 permiserunt
619 1551 728 1632 abire3
761 1551 819 1637 qui
843 1571 877 1616 so
899 1551 943 1616 ad
973 1551 1096 1618 dictam
1119 1552 1291 1619 civitatem

239 1655 498 1722 Dunolmensem
531 1652 776 1720 transtulerunt
788 1677 796 1734 ;
834 1653 924 1720 dicto
956 1674 1087 1739 quoquo
1121 1654 1233 1732 electo,
1257 1661 1292 1721 et

239 1759 340 1824 fratre
363 1778 431 1836 suo,
462 1777 538 1824 cum
568 1755 645 1834 suis,
669 1756 706 1822 in
738 1756 885 1841 ipsorum
914 1755 1128 1822 robbatorum
1150 1757 1291 1843 captivi-

239 1865 310 1928 tate
347 1859 494 1925 retentis.
553 1856 639 1924 Oum
673 1862 787 1923 autem
820 1877 939 1934 rumor,
975 1857 1016 1924 de
1048 1859 1291 1945 perpetratione

239 1967 310 2028 tam
331 1961 499 2026 horribilis
522 1964 557 2026 et
586 1958 732 2024 inauditi
755 1957 892 2036 sceleris,
915 1959 958 2023 ad
980 1980 1047 2036 nos,
1072 1961 1130 2044 qui
1152 1966 1233 2027 tunc
1255 1961 1293 2026 in

239 2065 310 2131 loco
332 2085 463 2130 eramus
485 2061 625 2128 distanti
648 2082 708 2147 pro
731 2061 945 2147 disponendis
976 2061 1118 2148 negotiis
1140 2083 1292 2149 guerram

239 2171 387 2232 nostram
410 2163 531 2231 Scotiee
561 2161 786 2248 tangentibus,
809 2161 1022 2246 pervenisset,
1046 2167 1196 2228 nostrum
1218 2186 1292 2250 gra-

238 2267 327 2332 viter
360 2265 538 2352 percellens
569 2263 732 2340 auditum,
764 2262 873 2328 acrius
907 2262 1034 2328 viscera
1067 2264 1225 2344 saucians,
1259 2269 1294 2330 et

239 2367 350 2434 dolore
384 2365 566 2454 praecordia
600 2363 671 2430 dire
704 2385 863 2450 pungens,
896 2364 1023 2430 coeteris
1056 2365 1293 2450 praetermissis,

239 2470 433 2538 accessimus
464 2469 508 2535 ad
539 2467 712 2535 civitatem
747 2467 902 2546 Eborum,
932 2470 968 2531 et
1001 2467 1125 2532 ibidem
1158 2469 1202 2534 ad
1233 2491 1293 2535 nos
1347 2527 1352 2538 .

240 2573 387 2637 diversos
420 2591 569 2657 proceres
596 2573 631 2634 et
660 2572 833 2654 magnates
865 2568 1038 2633 convocari
1073 2569 1293 2656 disposuimus

240 2697 283 2740 ex
304 2673 368 2740 hac
389 2694 506 2752 causa;
528 2691 668 2758 quorum
684 2669 828 2746 consilio,
853 2669 896 2734 ad
911 2669 1149 2734 vindicandum
1172 2675 1293 2750 tantas,

240 2781 274 2841 et
297 2781 368 2841 tam
391 2795 547 2850 enormes,
564 2771 635 2837 Deo
651 2775 686 2836 ot
708 2774 830 2836 sanctae
847 2770 991 2836 ecclesiae
1014 2771 1124 2836 illatas
1145 2771 1292 2858 injurias,

240 2877 286 2943 sic
301 2873 532 2942 festinabimus
548 2873 669 2938 debitae
694 2871 832 2938 ultionis
856 2871 997 2958 rigorem
1020 2894 1179 2951 exercerc,
1195 2875 1292 2960 quod,

239 3001 348 3066 poenae
370 2977 555 3051 formidine,
580 2974 825 3041 cohibebuntur
857 2973 1011 3060 deinceps
1041 2996 1159 3040 manus
1191 2982 1293 3043 teme-

166 3143 171 3148 .
239 3083 334 3147 rariae
367 3103 388 3146 a
418 3077 646 3147 commissione
684 3082 856 3143 tantorum
889 3075 1080 3154 facinorum,
1113 3100 1195 3164 quos
1229 3079 1294 3145 Dei

240 3184 426 3251 reverentia
447 3204 516 3248 non
540 3181 697 3248 cohercet
744 3179 790 3244 Et
811 3178 1036 3256 nihilominus,
1060 3202 1120 3266 pro
1143 3181 1293 3268 indemp-

241 3287 347 3353 nitate
370 3285 532 3352 dictorum
563 3287 697 3369 patrum
728 3285 763 3346 et
793 3301 935 3358 suorum,
961 3285 1001 3346 ut
1024 3281 1071 3346 eis
1102 3281 1215 3348 ablata
1244 3307 1294 3348 re-

241 3387 433 3466 stituantur,
475 3385 633 3451 faciemus
674 3383 833 3469 quicquid
873 3383 1063 3469 poterimus,
1106 3384 1156 3450 ita
1197 3386 1294 3471 quod,

241 3489 438 3556 concedente
475 3486 628 3563 Domino,
661 3483 944 3550 conservabuntur
982 3484 1181 3570 indempnes.
1243 3487 1295 3552 Do

241 3590 430 3658 nominibus
452 3587 553 3654 etiam
577 3587 740 3652 dictorum
755 3585 977 3664 robbatorum,
994 3591 1028 3650 et
1050 3607 1183 3651 suorum
1207 3608 1295 3653 com·

241 3695 372 3781 plicum,
395 3696 430 3756 et
452 3689 619 3754 fautorum
642 3686 766 3773 inquiri
783 3709 858 3752 cum
874 3691 991 3752 exacta
1007 3687 1182 3774 diligencia
1197 3689 1295 3757 facie-

241 3818 323 3874 mus,
347 3800 382 3859 et
403 3791 498 3858 vobis
521 3790 636 3855 eadem
650 3789 787 3854 nomina
808 3809 877 3853 non
891 3789 1097 3854 tardabimus
1120 3790 1294 3869 destinare,

242 3905 282 3964 ut
313 3899 428 3964 contra
459 3914 521 3970 eos,
546 3892 574 3956 si
605 3891 716 3968 libeat,
740 3890 953 3956 severitatem
984 3912 1156 3970 canonum,
1180 3899 1295 3959 eontra

242 3997 433 4086 hujusmodi
463 3993 637 4080 sacrilegos
667 3992 839 4070 editorum,
871 3992 1041 4070 excerceri,
1074 3993 1117 4058 ad
1148 3995 1294 4080 ipsorum

242 4100 466 4169 confusionem
520 4099 723 4181 perpetuam,
765 4091 919 4179 jubeatis.
983 4093 1165 4160 Conservet
1213 4097 1293 4181 [voa

243 4210 302 4272 etc.
348 4202 475 4268 Datum
497 4196 588 4284 apud
610 4196 764 4274 Eburum,
788 4208 836 4261 1⁰.
861 4195 914 4260 die
938 4194 1179 4282 Septembris].¹

243 4424 281 4474 U,
300 4421 375 4472 sm„
391 4416 510 4468 exhibea
588 4375 687 4460 Papae
709 4393 770 4437 rex
792 4371 914 4438 devota
940 4371 1062 4458 pedum
1085 4374 1196 4442 oscula
1218 4377 1351 4443 beaffl
1364 4387 1394 4437 ⁷⁵
1407 4383 1429 4434 b.

242 4499 284 4541 tur
295 4485 410 4539 merenti.
543 4482 662 4544 torum.
711 4473 941 4540 Venerabilem
964 4475 1001 4540 in
1018 4474 1151 4543 Christo
1166 4483 1294 4564 patrem
1308 4464 1379 4582 ἓξὲξ
1390 4467 1442 4581 {33

243 4590 414 4657 dominum
450 4581 662 4650 Lodowicum
695 4577 883 4664 episcopum
920 4577 1184 4658 Dunelmensem,
1220 4603 1296 4647 con·
1310 4597 1431 4650 seconde

444 4783 452 4816 ¹
469 4785 529 4836 soc
540 4782 613 4834 Rom.
626 4785 651 4830 et
662 4779 752 4830 Franc.
766 4779 793 4826 ll
807 4775 880 4827 now.
892 4773 938 4838 11,
949 4775 1040 4827 memb.
1052 4781 1091 4826 14.
