3444 5792
643 897 829 948 1110110111.
1197 882 1260 944 401

210 1085 255 1150 sis
283 1085 471 1173 Episcopus,
496 1087 637 1153 salutem
670 1087 707 1151 in
738 1089 886 1152 omnium
919 1085 1098 1151 Salvatore.
1156 1085 1262 1150 Assis-

210 1193 318 1252 tentes
351 1211 393 1254 ex
420 1189 539 1254 divina
570 1189 744 1254 vocatione
776 1210 911 1274 operosa
941 1187 1117 1252 sedulitate
1149 1186 1262 1252 Sacro-

210 1297 332 1357 sanctae
357 1292 515 1358 Romanae
540 1292 693 1357 Ecclesiae
724 1313 762 1356 ac
785 1290 966 1356 universali
997 1289 1188 1376 praesidenti
1220 1289 1263 1353 ad

210 1395 390 1480 gerendum
428 1397 464 1460 in
498 1401 626 1482 parbem
662 1395 894 1459 sollicitudinis
926 1393 1125 1480 Apostolicae
1160 1393 1264 1478 ipsius

213 1494 366 1562 Ecclesiae
396 1497 649 1574 firmamentum,
674 1502 708 1561 ot
730 1496 877 1582 ejusdem
904 1518 941 1561 ac
964 1495 1068 1560 totius
1090 1494 1177 1558 orbis
1207 1515 1264 1558 ne-

210 1597 301 1682 gotia
338 1598 514 1664 salubriter
547 1598 766 1683 dirigendum,
799 1602 895 1663 tanto
929 1597 1060 1683 plenius
1098 1600 1265 1660 merentur

211 1698 345 1765 honoris
368 1701 591 1787 praerogativa
605 1701 756 1787 gaudere,
773 1705 807 1765 et
822 1699 991 1786 amplioris
1013 1699 1153 1764 subsidii
1168 1699 1264 1762 bene-

212 1801 296 1867 ficiis
310 1803 427 1881 attolli,
445 1809 571 1889 quanto
595 1825 654 1890 pro
677 1808 769 1868 statu
792 1803 915 1868 salubri
938 1803 1042 1887 ipsius
1066 1801 1208 1866 ecelesiae
1230 1805 1265 1864 et

212 1903 351 1969 aliarum
390 1906 601 1972 ecclesiarum
632 1928 671 1972 aa
701 1927 914 1992 personarum
949 1905 1012 1991 ipsi
1043 1905 1264 1990 subjectarum

212 2007 339 2092 majora
361 2009 474 2074 studia
497 2015 531 2074 et
552 2008 679 2074 labores
702 2007 924 2073 sollicitudine
949 2006 1112 2071 indefessa
1137 2006 1264 2090 impen-

213 2107 297 2184 dere,
313 2113 347 2173 et
369 2110 485 2195 gravia
500 2114 635 2195 propter
657 2109 728 2174 haee
744 2130 843 2174 onera
858 2109 968 2173 subire
990 2107 1117 2194 jugiter
1133 2107 1264 2192 dignos·

212 2215 340 2274 cuntur.
402 2211 563 2276 Assiduus
594 2211 699 2297 igitur
721 2216 755 2275 et
778 2211 957 2276 indefessas
981 2231 1083 2286 curas,
1107 2208 1265 2275 sollicitu-

213 2310 307 2376 dines
332 2313 393 2396 [et]
417 2312 552 2390 labores,
577 2334 659 2398 quos
682 2312 877 2377 venerabilis
900 2313 936 2375 in
960 2311 1092 2376 Christo
1115 2314 1209 2395 pater
1231 2315 1266 2374 et

216 2413 378 2492 dominus,
395 2414 559 2480 Dominus
574 2416 742 2480 Arnaldus
758 2415 798 2480 de
813 2415 988 2501 Paragnua,
1005 2414 1135 2479 Sanctae
1151 2413 1265 2477 Mariae

213 2515 249 2578 in
272 2515 414 2595 Portica,
438 2517 502 2582 Dei
524 2517 641 2604 gratia,
665 2517 832 2603 praedictae
863 2521 1077 2582 sacrosanctae
1107 2515 1265 2580 Romanae

215 2616 397 2704 [Ecclesiae]
430 2619 598 2684 Diaconus
626 2618 820 2696 Cardinalis,
848 2640 907 2704 pro
937 2617 1078 2704 negotiis
1109 2621 1144 2682 et
1174 2621 1265 2681 statu

213 2719 379 2804 praedictis
413 2721 580 2806 exquisita
615 2721 918 2805 circumspectionis
952 2719 1118 2784 industria
1150 2718 1265 2783 lauda-

215 2821 328 2887 biliter
350 2823 522 2908 impendit,
547 2844 710 2908 oneraque
736 2822 799 2886 sibi
822 2823 866 2887 ad
888 2822 959 2887 haec
981 2821 1207 2887 incumbentia
1228 2841 1267 2886 ac

147 3004 152 3011 ¹
216 2922 322 2988 zelum
353 2946 446 3010 purae
470 2925 665 3002 devotionis,
689 2944 788 3009 quam
813 2945 890 3011 erga
921 2924 1088 2989 ecclesiam
1119 2929 1266 2988 nostram

216 3025 474 3092 Dunolmensem
513 3033 548 3092 et
585 3049 645 3092 nos
684 3027 858 3092 caritative
901 3027 989 3111 gerit
1027 3030 1266 3111 cognoscentes,

216 3129 322 3194 eidem
344 3151 490 3195 annuam
513 3130 703 3216 pensionem
726 3130 946 3216 quadraginta
980 3127 1208 3194 11111-101101111111
1231 3133 1267 3192 et

214 3229 370 3315 legalium
401 3231 634 3316 sterlingorum
658 3231 698 3295 de
721 3230 816 3294 nobis
839 3230 979 3316 singulis
1002 3231 1098 3294 annis
1122 3231 1158 3294 in
1180 3230 1266 3294 festo

215 3329 417 3397 Natiuitatis
441 3331 537 3397 Beati
559 3330 723 3396 Johannis
747 3330 911 3416 Baptistae
933 3331 970 3394 in
991 3331 1141 3396 Romana
1157 3330 1266 3408 Curia,

215 3431 270 3496 vel
300 3432 336 3496 in
360 3432 490 3519 Anglia,
514 3432 551 3496 in
573 3431 711 3497 civitate
743 3431 997 3508 Londoniarum,
1020 3437 1119 3518 prout
1149 3431 1267 3517 eligere

215 3534 366 3612 voluerit,
402 3534 626 3620 recipiendam
658 3533 767 3618 quoad
799 3534 933 3611 vixerit,
966 3535 1173 3599 concedimus
1210 3556 1269 3619 per

215 3640 401 3720 praesentes.
469 3635 523 3698 Ad
554 3655 653 3719 quam
684 3633 882 3698 solutionem
912 3633 1054 3699 fideliter
1084 3634 1267 3699 faciendam

216 3737 400 3825 obligamus
426 3760 486 3803 nos
509 3743 544 3802 ct
565 3743 712 3802 nostram
735 3737 904 3802 ecclesiam
934 3737 1164 3822 supradictam.
1227 3737 1268 3800 In

217 3841 311 3926 cujus
342 3841 391 3906 rei
423 3840 661 3918 testimonium,
684 3838 745 3906 has
777 3841 906 3905 litteras
929 3846 1058 3905 nostras
1088 3841 1159 3906 fieri
1190 3840 1267 3905 feci-

217 3963 290 4006 mus
305 3947 465 4028 patentes
481 3941 582 4028 sigilli
597 3941 702 4007 nostri
718 3942 902 4006 muninime
917 3944 1093 4007 roboratas.
1140 3941 1268 4007 Datum
1299 3971 1300 3977 ¹

216 4043 306 4128 apud
328 4043 516 4110 Auekland.

218 4239 357 4293 00000000
383 4259 473 4294 mue
551 4211 741 4277 Venerabili
773 4213 810 4276 in
834 4213 966 4279 Christo
996 4213 1093 4299 patri,
1124 4212 1418 4284 Dominarum.

217 4308 347 4422 pensionis
357 4309 473 4388 1111001-
505 4315 653 4380 Amaldo
680 4316 721 4380 de
744 4315 912 4401 Pelagnra,
937 4315 1067 4381 Sanctae
1091 4317 1205 4381 Mariae
1232 4317 1268 4380 in
1282 4311 1404 4364 ormrtof

245 4375 340 4424 nahum
356 4392 383 4425 111
395 4377 473 4428 Curia
1281 4394 1314 4429 011
1326 4379 1420 4427 annual

217 4439 340 4491 Romane
403 4444 473 4493 Nota
506 4414 639 4481 Portieu
663 4417 820 4480 Romanae
845 4416 998 4488 Ecclesiae
1020 4417 1167 4481 Diacono
1188 4416 1268 4482 Oar—
1281 4443 1422 4510 pensione

217 4507 291 4558 “¹¹⁶-
507 4517 619 4594 dinali,
657 4539 737 4582 suus
782 4517 1015 4582 devotissimus
1062 4517 1267 4604 Capellanus,
1282 4511 1408 4560 alaman

218 4615 388 4695 Ricardus,
426 4620 639 4704 permissione
673 4621 838 4706 Ejusdem,
871 4621 1104 4686 Dunolmensis
1136 4622 1267 4708 Episco-
1281 4577 1400 4628 cardinal.

996 4758 1215 4765 --—-—--——-.

253 4810 263 4845 ¹
279 4811 342 4863 This
354 4815 406 4863 and
417 4813 461 4866 tho
472 4814 613 4882 preceding
623 4823 674 4867 1110
686 4817 766 4866 words
777 4831 820 4867 are
833 4819 922 4867 secred
933 4818 1043 4868 beneath
1055 4817 1082 4867 in
1093 4821 1139 4869 red
1150 4821 1240 4884 pencil.

307 4909 384 4960 VOL.
401 4911 446 4960 IV.
1082 4917 1102 4962 Ο
1118 4917 1138 4964 C
