<?xml version="1.0" encoding="UTF-8"?>
<!DOCTYPE html PUBLIC "-//W3C//DTD XHTML 1.0 Transitional//EN"
    "http://www.w3.org/TR/xhtml1/DTD/xhtml1-transitional.dtd">
<html xmlns="http://www.w3.org/1999/xhtml" xml:lang="en" lang="en">
 <head>
  <title>
</title>
<meta http-equiv="Content-Type" content="text/html;charset=utf-8" />
  <meta name='ocr-system' content='tesseract 3.04.00' />
  <meta name='ocr-capabilities' content='ocr_page ocr_carea ocr_par ocr_line ocrx_word'/>
</head>
<body>
  <div class='ocr_page' id='page_1' title='image "./registrumpalati00hardgoog_0675.png"; bbox 0 0 3444 5792; ppageno 0'>
   <div class='ocr_carea' id='block_1_1' title="bbox 643 913 1267 980">
    <p class='ocr_par' dir='ltr' id='par_1_1' title="bbox 643 913 1267 980">
     <span class='ocr_line' id='line_1_1' title="bbox 643 913 1267 980; baseline -0.003 0"><span class='ocrx_word' id='word_1_1' title='bbox 643 928 831 980; x_wconf 76' lang='lat' dir='ltr'><strong>axonam</strong></span> <span class='ocrx_word' id='word_1_2' title='bbox 1201 913 1267 979; x_wconf 76' lang='lat'><strong>403</strong></span> 
     </span>
    </p>
   </div>
   <div class='ocr_carea' id='block_1_2' title="bbox 211 1116 1272 3751">
    <p class='ocr_par' dir='ltr' id='par_1_2' title="bbox 211 1116 1272 3751">
     <span class='ocr_line' id='line_1_2' title="bbox 211 1116 1259 1204; baseline -0.004 -20"><span class='ocrx_word' id='word_1_3' title='bbox 211 1137 319 1184; x_wconf 85' lang='lat' dir='ltr'><strong>manae</strong></span> <span class='ocrx_word' id='word_1_4' title='bbox 359 1138 399 1184; x_wconf 87' lang='lat' dir='ltr'><strong>ac</strong></span> <span class='ocrx_word' id='word_1_5' title='bbox 435 1117 616 1184; x_wconf 84' lang='lat' dir='ltr'><strong>universali</strong></span> <span class='ocrx_word' id='word_1_6' title='bbox 648 1119 801 1184; x_wconf 74' lang='lat' dir='ltr'><strong>Ecclesiae</strong></span> <span class='ocrx_word' id='word_1_7' title='bbox 839 1116 1037 1204; x_wconf 82' lang='lat' dir='ltr'><strong>praesidente</strong></span> <span class='ocrx_word' id='word_1_8' title='bbox 1068 1117 1113 1181; x_wconf 87' lang='lat' dir='ltr'><strong>ad</strong></span> <span class='ocrx_word' id='word_1_9' title='bbox 1143 1136 1259 1203; x_wconf 86' lang='lat' dir='ltr'><strong>goren-</strong></span> 
     </span>
     <span class='ocr_line' id='line_1_3' title="bbox 212 1219 1267 1309; baseline -0.001 -24"><span class='ocrx_word' id='word_1_10' title='bbox 212 1220 292 1286; x_wconf 92' lang='lat' dir='ltr'><strong>dum</strong></span> <span class='ocrx_word' id='word_1_11' title='bbox 315 1221 352 1286; x_wconf 90' lang='lat' dir='ltr'><strong>in</strong></span> <span class='ocrx_word' id='word_1_12' title='bbox 374 1226 503 1309; x_wconf 86' lang='lat' dir='ltr'><strong>partem</strong></span> <span class='ocrx_word' id='word_1_13' title='bbox 525 1221 758 1288; x_wconf 88' lang='lat' dir='ltr'><strong>sollicitudinis</strong></span> <span class='ocrx_word' id='word_1_14' title='bbox 773 1220 974 1307; x_wconf 79' lang='lat' dir='ltr'><strong>Apostolicae</strong></span> <span class='ocrx_word' id='word_1_15' title='bbox 996 1220 1101 1306; x_wconf 90' lang='lat' dir='ltr'><strong>ipsius</strong></span> <span class='ocrx_word' id='word_1_16' title='bbox 1123 1219 1267 1286; x_wconf 84' lang='lat' dir='ltr'><strong>ccclesiae</strong></span> 
     </span>
     <span class='ocr_line' id='line_1_4' title="bbox 214 1321 1266 1409; baseline -0.004 -21"><span class='ocrx_word' id='word_1_17' title='bbox 214 1321 470 1402; x_wconf 74' lang='lat' dir='ltr'><strong>firmtmantum</strong></span> <span class='ocrx_word' id='word_1_18' title='bbox 494 1327 530 1390; x_wconf 88' lang='lat' dir='ltr'><strong>et</strong></span> <span class='ocrx_word' id='word_1_19' title='bbox 552 1323 700 1409; x_wconf 86' lang='lat' dir='ltr'><strong>ejusdem</strong></span> <span class='ocrx_word' id='word_1_20' title='bbox 721 1344 761 1390; x_wconf 89' lang='lat' dir='ltr'><strong>ac</strong></span> <span class='ocrx_word' id='word_1_21' title='bbox 782 1323 887 1388; x_wconf 91' lang='lat' dir='ltr'><strong>totius</strong></span> <span class='ocrx_word' id='word_1_22' title='bbox 911 1322 1000 1388; x_wconf 92' lang='lat' dir='ltr'><strong>orbis</strong></span> <span class='ocrx_word' id='word_1_23' title='bbox 1022 1321 1157 1408; x_wconf 87' lang='lat' dir='ltr'><strong>negotia</strong></span> <span class='ocrx_word' id='word_1_24' title='bbox 1179 1321 1266 1386; x_wconf 85' lang='lat' dir='ltr'><strong>salu-</strong></span> 
     </span>
     <span class='ocr_line' id='line_1_5' title="bbox 213 1421 1266 1512; baseline -0.004 -22"><span class='ocrx_word' id='word_1_25' title='bbox 213 1423 318 1490; x_wconf 85' lang='lat' dir='ltr'><strong>briter</strong></span> <span class='ocrx_word' id='word_1_26' title='bbox 355 1424 576 1512; x_wconf 85' lang='lat' dir='ltr'><strong>dirigendum,</strong></span> <span class='ocrx_word' id='word_1_27' title='bbox 613 1429 710 1491; x_wconf 86' lang='lat' dir='ltr'><strong>tanto</strong></span> <span class='ocrx_word' id='word_1_28' title='bbox 749 1423 880 1511; x_wconf 87' lang='lat' dir='ltr'><strong>plenius</strong></span> <span class='ocrx_word' id='word_1_29' title='bbox 923 1427 1092 1490; x_wconf 87' lang='lat' dir='ltr'><strong>merentur</strong></span> <span class='ocrx_word' id='word_1_30' title='bbox 1132 1421 1266 1488; x_wconf 88' lang='lat' dir='ltr'><strong>honoris</strong></span> 
     </span>
     <span class='ocr_line' id='line_1_6' title="bbox 212 1525 1266 1614; baseline -0.002 -22"><span class='ocrx_word' id='word_1_31' title='bbox 212 1527 436 1614; x_wconf 85' lang='lat' dir='ltr'><strong>praerogativa</strong></span> <span class='ocrx_word' id='word_1_32' title='bbox 468 1527 620 1614; x_wconf 84' lang='lat' dir='ltr'><strong>gaudere,</strong></span> <span class='ocrx_word' id='word_1_33' title='bbox 652 1531 687 1592; x_wconf 95' lang='lat' dir='ltr'><strong>et</strong></span> <span class='ocrx_word' id='word_1_34' title='bbox 718 1527 889 1612; x_wconf 89' lang='lat' dir='ltr'><strong>amplioris</strong></span> <span class='ocrx_word' id='word_1_35' title='bbox 920 1525 1073 1592; x_wconf 90' lang='lat' dir='ltr'><strong>beneficii</strong></span> <span class='ocrx_word' id='word_1_36' title='bbox 1108 1525 1266 1592; x_wconf 87' lang='lat' dir='ltr'><strong>subsidiis</strong></span> 
     </span>
     <span class='ocr_line' id='line_1_7' title="bbox 215 1627 1267 1716; baseline -0.003 -21"><span class='ocrx_word' id='word_1_37' title='bbox 215 1629 332 1708; x_wconf 88' lang='lat' dir='ltr'><strong>attolli,</strong></span> <span class='ocrx_word' id='word_1_38' title='bbox 356 1635 482 1716; x_wconf 92' lang='lat' dir='ltr'><strong>quanto</strong></span> <span class='ocrx_word' id='word_1_39' title='bbox 504 1651 564 1716; x_wconf 91' lang='lat' dir='ltr'><strong>pro</strong></span> <span class='ocrx_word' id='word_1_40' title='bbox 587 1633 679 1694; x_wconf 89' lang='lat' dir='ltr'><strong>statu</strong></span> <span class='ocrx_word' id='word_1_41' title='bbox 701 1627 826 1694; x_wconf 81' lang='lat' dir='ltr'><strong>salubri</strong></span> <span class='ocrx_word' id='word_1_42' title='bbox 850 1629 954 1714; x_wconf 89' lang='lat' dir='ltr'><strong>ipsius</strong></span> <span class='ocrx_word' id='word_1_43' title='bbox 977 1627 1120 1694; x_wconf 73' lang='lat' dir='ltr'><strong>ecclesiae</strong></span> <span class='ocrx_word' id='word_1_44' title='bbox 1147 1632 1181 1694; x_wconf 92' lang='lat' dir='ltr'><strong>et</strong></span> <span class='ocrx_word' id='word_1_45' title='bbox 1207 1627 1267 1692; x_wconf 92' lang='lat' dir='ltr'><strong>ali-</strong></span> 
     </span>
     <span class='ocr_line' id='line_1_8' title="bbox 215 1731 1266 1818; baseline -0.002 -20"><span class='ocrx_word' id='word_1_46' title='bbox 215 1753 310 1798; x_wconf 84' lang='lat' dir='ltr'><strong>arum</strong></span> <span class='ocrx_word' id='word_1_47' title='bbox 347 1732 559 1799; x_wconf 89' lang='lat' dir='ltr'><strong>ecclesiarum</strong></span> <span class='ocrx_word' id='word_1_48' title='bbox 606 1753 645 1798; x_wconf 84' lang='lat' dir='ltr'><strong>ac</strong></span> <span class='ocrx_word' id='word_1_49' title='bbox 681 1751 896 1818; x_wconf 85' lang='lat' dir='ltr'><strong>personarum</strong></span> <span class='ocrx_word' id='word_1_50' title='bbox 938 1731 1003 1818; x_wconf 88' lang='lat' dir='ltr'><strong>ipsi</strong></span> <span class='ocrx_word' id='word_1_51' title='bbox 1044 1731 1266 1817; x_wconf 82' lang='lat' dir='ltr'><strong>subjectamm</strong></span> 
     </span>
     <span class='ocr_line' id='line_1_9' title="bbox 217 1832 1267 1920; baseline -0.002 -22"><span class='ocrx_word' id='word_1_52' title='bbox 217 1833 342 1920; x_wconf 86' lang='lat' dir='ltr'><strong>majora</strong></span> <span class='ocrx_word' id='word_1_53' title='bbox 363 1834 476 1900; x_wconf 88' lang='lat' dir='ltr'><strong>studia</strong></span> <span class='ocrx_word' id='word_1_54' title='bbox 499 1839 535 1899; x_wconf 91' lang='lat' dir='ltr'><strong>et</strong></span> <span class='ocrx_word' id='word_1_55' title='bbox 555 1834 683 1900; x_wconf 83' lang='lat' dir='ltr'><strong>labores</strong></span> <span class='ocrx_word' id='word_1_56' title='bbox 705 1833 928 1900; x_wconf 89' lang='lat' dir='ltr'><strong>sollicitudine</strong></span> <span class='ocrx_word' id='word_1_57' title='bbox 954 1832 1118 1899; x_wconf 87' lang='lat' dir='ltr'><strong>indefessa</strong></span> <span class='ocrx_word' id='word_1_58' title='bbox 1139 1833 1267 1918; x_wconf 90' lang='lat' dir='ltr'><strong>impen-</strong></span> 
     </span>
     <span class='ocr_line' id='line_1_10' title="bbox 216 1935 1266 2024; baseline -0.001 -24"><span class='ocrx_word' id='word_1_59' title='bbox 216 1935 300 2015; x_wconf 88' lang='lat' dir='ltr'><strong>dero,</strong></span> <span class='ocrx_word' id='word_1_60' title='bbox 316 1940 351 2002; x_wconf 91' lang='lat' dir='ltr'><strong>et</strong></span> <span class='ocrx_word' id='word_1_61' title='bbox 365 1937 481 2024; x_wconf 85' lang='lat' dir='ltr'><strong>gravia</strong></span> <span class='ocrx_word' id='word_1_62' title='bbox 495 1941 630 2023; x_wconf 90' lang='lat' dir='ltr'><strong>propter</strong></span> <span class='ocrx_word' id='word_1_63' title='bbox 645 1957 745 2002; x_wconf 90' lang='lat' dir='ltr'><strong>onera</strong></span> <span class='ocrx_word' id='word_1_64' title='bbox 759 1936 870 2001; x_wconf 87' lang='lat' dir='ltr'><strong>subire</strong></span> <span class='ocrx_word' id='word_1_65' title='bbox 881 1935 1010 2022; x_wconf 82' lang='lat' dir='ltr'><strong>jugiter</strong></span> <span class='ocrx_word' id='word_1_66' title='bbox 1020 1935 1266 2022; x_wconf 86' lang='lat' dir='ltr'><strong>dignoscuntur.</strong></span> 
     </span>
     <span class='ocr_line' id='line_1_11' title="bbox 216 2037 1267 2125; baseline -0.001 -23"><span class='ocrx_word' id='word_1_67' title='bbox 216 2037 377 2104; x_wconf 79' lang='lat' dir='ltr'><strong>Assiduae</strong></span> <span class='ocrx_word' id='word_1_68' title='bbox 406 2037 513 2125; x_wconf 83' lang='lat' dir='ltr'><strong>igitur</strong></span> <span class='ocrx_word' id='word_1_69' title='bbox 543 2043 578 2104; x_wconf 90' lang='lat' dir='ltr'><strong>et</strong></span> <span class='ocrx_word' id='word_1_70' title='bbox 610 2038 790 2104; x_wconf 86' lang='lat' dir='ltr'><strong>indefessas</strong></span> <span class='ocrx_word' id='word_1_71' title='bbox 821 2059 924 2116; x_wconf 90' lang='lat' dir='ltr'><strong>curas,</strong></span> <span class='ocrx_word' id='word_1_72' title='bbox 956 2037 1203 2114; x_wconf 79' lang='lat' dir='ltr'><strong>sollicitudines,</strong></span> <span class='ocrx_word' id='word_1_73' title='bbox 1232 2041 1267 2101; x_wconf 89' lang='lat' dir='ltr'><strong>ct</strong></span> 
     </span>
     <span class='ocr_line' id='line_1_12' title="bbox 217 2138 1266 2228; baseline -0.002 -23"><span class='ocrx_word' id='word_1_74' title='bbox 217 2138 353 2218; x_wconf 84' lang='lat' dir='ltr'><strong>laboras,</strong></span> <span class='ocrx_word' id='word_1_75' title='bbox 377 2161 459 2228; x_wconf 91' lang='lat' dir='ltr'><strong>quos</strong></span> <span class='ocrx_word' id='word_1_76' title='bbox 481 2139 679 2206; x_wconf 84' lang='lat' dir='ltr'><strong>venerabilis</strong></span> <span class='ocrx_word' id='word_1_77' title='bbox 710 2140 747 2204; x_wconf 93' lang='lat' dir='ltr'><strong>in</strong></span> <span class='ocrx_word' id='word_1_78' title='bbox 771 2138 905 2206; x_wconf 81' lang='lat' dir='ltr'><strong>Christo</strong></span> <span class='ocrx_word' id='word_1_79' title='bbox 930 2144 1025 2226; x_wconf 83' lang='lat' dir='ltr'><strong>pater</strong></span> <span class='ocrx_word' id='word_1_80' title='bbox 1047 2144 1083 2204; x_wconf 90' lang='lat' dir='ltr'><strong>et</strong></span> <span class='ocrx_word' id='word_1_81' title='bbox 1104 2139 1266 2215; x_wconf 90' lang='lat' dir='ltr'><strong>dominus,</strong></span> 
     </span>
     <span class='ocr_line' id='line_1_13' title="bbox 217 2241 1262 2330; baseline -0.002 -21"><span class='ocrx_word' id='word_1_82' title='bbox 217 2242 380 2309; x_wconf 89' lang='lat' dir='ltr'><strong>Dominus</strong></span> <span class='ocrx_word' id='word_1_83' title='bbox 411 2243 586 2322; x_wconf 77' lang='lat' dir='ltr'><strong>Arnaldus,</strong></span> <span class='ocrx_word' id='word_1_84' title='bbox 613 2242 678 2308; x_wconf 90' lang='lat' dir='ltr'><strong>Dei</strong></span> <span class='ocrx_word' id='word_1_85' title='bbox 708 2243 826 2330; x_wconf 87' lang='lat' dir='ltr'><strong>gratia,</strong></span> <span class='ocrx_word' id='word_1_86' title='bbox 850 2241 1030 2329; x_wconf 87' lang='lat' dir='ltr'><strong>Episcopus</strong></span> <span class='ocrx_word' id='word_1_87' title='bbox 1056 2241 1262 2320; x_wconf 75' lang='lat' dir='ltr'><strong>Albe-nensis,</strong></span> 
     </span>
     <span class='ocr_line' id='line_1_14' title="bbox 216 2343 1269 2430; baseline -0.002 -18"><span class='ocrx_word' id='word_1_88' title='bbox 216 2367 256 2412; x_wconf 88' lang='lat' dir='ltr'><strong>ac</strong></span> <span class='ocrx_word' id='word_1_89' title='bbox 278 2345 500 2414; x_wconf 81' lang='lat' dir='ltr'><strong>Sacrosanctae</strong></span> <span class='ocrx_word' id='word_1_90' title='bbox 518 2345 678 2412; x_wconf 84' lang='lat' dir='ltr'><strong>Romanae</strong></span> <span class='ocrx_word' id='word_1_91' title='bbox 700 2344 853 2411; x_wconf 81' lang='lat' dir='ltr'><strong>Ecclesiae</strong></span> <span class='ocrx_word' id='word_1_92' title='bbox 870 2343 1065 2422; x_wconf 84' lang='lat' dir='ltr'><strong>Oardinalis,</strong></span> <span class='ocrx_word' id='word_1_93' title='bbox 1088 2365 1148 2430; x_wconf 94' lang='lat' dir='ltr'><strong>pro</strong></span> <span class='ocrx_word' id='word_1_94' title='bbox 1170 2365 1269 2430; x_wconf 82' lang='lat' dir='ltr'><strong>nego-</strong></span> 
     </span>
     <span class='ocr_line' id='line_1_15' title="bbox 216 2446 1269 2534; baseline -0.003 -20"><span class='ocrx_word' id='word_1_95' title='bbox 216 2448 274 2514; x_wconf 87' lang='lat' dir='ltr'><strong>tiis</strong></span> <span class='ocrx_word' id='word_1_96' title='bbox 301 2453 336 2514; x_wconf 90' lang='lat' dir='ltr'><strong>et</strong></span> <span class='ocrx_word' id='word_1_97' title='bbox 361 2452 453 2514; x_wconf 87' lang='lat' dir='ltr'><strong>statu</strong></span> <span class='ocrx_word' id='word_1_98' title='bbox 479 2447 647 2534; x_wconf 84' lang='lat' dir='ltr'><strong>praedictis</strong></span> <span class='ocrx_word' id='word_1_99' title='bbox 679 2446 855 2532; x_wconf 68' lang='lat' dir='ltr'><strong>exquisite</strong></span> <span class='ocrx_word' id='word_1_100' title='bbox 887 2447 1188 2533; x_wconf 69' lang='lat' dir='ltr'><strong>circumspectionis</strong></span> <span class='ocrx_word' id='word_1_101' title='bbox 1217 2447 1269 2511; x_wconf 93' lang='lat' dir='ltr'><strong>in-</strong></span> 
     </span>
     <span class='ocr_line' id='line_1_16' title="bbox 218 2546 1270 2634; baseline -0.001 -19"><span class='ocrx_word' id='word_1_102' title='bbox 218 2549 347 2615; x_wconf 87' lang='lat' dir='ltr'><strong>dustria</strong></span> <span class='ocrx_word' id='word_1_103' title='bbox 378 2549 592 2616; x_wconf 71' lang='lat' dir='ltr'><strong>laudabiliter</strong></span> <span class='ocrx_word' id='word_1_104' title='bbox 624 2547 798 2634; x_wconf 77' lang='lat' dir='ltr'><strong>impendit,</strong></span> <span class='ocrx_word' id='word_1_105' title='bbox 829 2569 994 2634; x_wconf 77' lang='lat' dir='ltr'><strong>oneraque</strong></span> <span class='ocrx_word' id='word_1_106' title='bbox 1032 2547 1096 2613; x_wconf 86' lang='lat' dir='ltr'><strong>sibi</strong></span> <span class='ocrx_word' id='word_1_107' title='bbox 1128 2549 1170 2614; x_wconf 94' lang='lat' dir='ltr'><strong>ob</strong></span> <span class='ocrx_word' id='word_1_108' title='bbox 1207 2546 1270 2614; x_wconf 91' lang='lat' dir='ltr'><strong>hoe</strong></span> 
     </span>
     <span class='ocr_line' id='line_1_17' title="bbox 218 2649 1272 2737; baseline 0 -21"><span class='ocrx_word' id='word_1_109' title='bbox 218 2651 452 2730; x_wconf 87' lang='lat' dir='ltr'><strong>incumbentia,</strong></span> <span class='ocrx_word' id='word_1_110' title='bbox 486 2673 526 2718; x_wconf 83' lang='lat' dir='ltr'><strong>ac</strong></span> <span class='ocrx_word' id='word_1_111' title='bbox 559 2650 667 2716; x_wconf 79' lang='lat' dir='ltr'><strong>zelum</strong></span> <span class='ocrx_word' id='word_1_112' title='bbox 704 2671 796 2737; x_wconf 84' lang='lat' dir='ltr'><strong>purae</strong></span> <span class='ocrx_word' id='word_1_113' title='bbox 831 2649 1017 2716; x_wconf 89' lang='lat' dir='ltr'><strong>devotionis</strong></span> <span class='ocrx_word' id='word_1_114' title='bbox 1055 2671 1155 2736; x_wconf 88' lang='lat' dir='ltr'><strong>quem</strong></span> <span class='ocrx_word' id='word_1_115' title='bbox 1193 2671 1272 2737; x_wconf 84' lang='lat' dir='ltr'><strong>erga</strong></span> 
     </span>
     <span class='ocr_line' id='line_1_18' title="bbox 218 2752 1271 2839; baseline 0 -21"><span class='ocrx_word' id='word_1_116' title='bbox 218 2753 388 2819; x_wconf 86' lang='lat' dir='ltr'><strong>ecclesiam</strong></span> <span class='ocrx_word' id='word_1_117' title='bbox 409 2758 557 2819; x_wconf 90' lang='lat' dir='ltr'><strong>nostram</strong></span> <span class='ocrx_word' id='word_1_118' title='bbox 579 2752 840 2818; x_wconf 90' lang='lat' dir='ltr'><strong>Dunolmensem</strong></span> <span class='ocrx_word' id='word_1_119' title='bbox 862 2757 898 2818; x_wconf 89' lang='lat' dir='ltr'><strong>et</strong></span> <span class='ocrx_word' id='word_1_120' title='bbox 919 2773 980 2819; x_wconf 86' lang='lat' dir='ltr'><strong>nos</strong></span> <span class='ocrx_word' id='word_1_121' title='bbox 995 2753 1169 2820; x_wconf 65' lang='lat' dir='ltr'><strong>oculive</strong></span> <span class='ocrx_word' id='word_1_122' title='bbox 1184 2754 1271 2839; x_wconf 85' lang='lat' dir='ltr'><strong>gerit</strong></span> 
     </span>
     <span class='ocr_line' id='line_1_19' title="bbox 218 2853 1270 2941; baseline 0.002 -23"><span class='ocrx_word' id='word_1_123' title='bbox 218 2854 349 2941; x_wconf 89' lang='lat' dir='ltr'><strong>plenius</strong></span> <span class='ocrx_word' id='word_1_124' title='bbox 371 2858 612 2941; x_wconf 84' lang='lat' dir='ltr'><strong>cognoscentes,</strong></span> <span class='ocrx_word' id='word_1_125' title='bbox 635 2853 744 2919; x_wconf 91' lang='lat' dir='ltr'><strong>eidem</strong></span> <span class='ocrx_word' id='word_1_126' title='bbox 766 2875 913 2920; x_wconf 87' lang='lat' dir='ltr'><strong>annuam</strong></span> <span class='ocrx_word' id='word_1_127' title='bbox 944 2856 1135 2940; x_wconf 91' lang='lat' dir='ltr'><strong>pensionem</strong></span> <span class='ocrx_word' id='word_1_128' title='bbox 1167 2856 1270 2941; x_wconf 84' lang='lat' dir='ltr'><strong>qued-</strong></span> 
     </span>
     <span class='ocr_line' id='line_1_20' title="bbox 218 2955 1270 3044; baseline 0.001 -24"><span class='ocrx_word' id='word_1_129' title='bbox 218 2957 351 3043; x_wconf 81' lang='lat' dir='ltr'><strong>raginta.</strong></span> <span class='ocrx_word' id='word_1_130' title='bbox 376 2977 559 3022; x_wconf 87' lang='lat' dir='ltr'><strong>marcarum</strong></span> <span class='ocrx_word' id='word_1_131' title='bbox 589 2955 752 3021; x_wconf 86' lang='lat' dir='ltr'><strong>bonorum</strong></span> <span class='ocrx_word' id='word_1_132' title='bbox 782 2962 817 3020; x_wconf 92' lang='lat' dir='ltr'><strong>et</strong></span> <span class='ocrx_word' id='word_1_133' title='bbox 846 2955 1004 3042; x_wconf 85' lang='lat' dir='ltr'><strong>legalium</strong></span> <span class='ocrx_word' id='word_1_134' title='bbox 1036 2957 1270 3044; x_wconf 82' lang='lat' dir='ltr'><strong>sterlingorum</strong></span> 
     </span>
     <span class='ocr_line' id='line_1_21' title="bbox 218 3057 1267 3145; baseline 0 -22"><span class='ocrx_word' id='word_1_135' title='bbox 218 3059 258 3124; x_wconf 92' lang='lat' dir='ltr'><strong>de</strong></span> <span class='ocrx_word' id='word_1_136' title='bbox 288 3057 385 3124; x_wconf 89' lang='lat' dir='ltr'><strong>nobis</strong></span> <span class='ocrx_word' id='word_1_137' title='bbox 417 3057 558 3145; x_wconf 87' lang='lat' dir='ltr'><strong>singulis</strong></span> <span class='ocrx_word' id='word_1_138' title='bbox 589 3058 695 3136; x_wconf 86' lang='lat' dir='ltr'><strong>annis,</strong></span> <span class='ocrx_word' id='word_1_139' title='bbox 728 3057 765 3121; x_wconf 88' lang='lat' dir='ltr'><strong>in</strong></span> <span class='ocrx_word' id='word_1_140' title='bbox 798 3057 883 3123; x_wconf 85' lang='lat' dir='ltr'><strong>festo</strong></span> <span class='ocrx_word' id='word_1_141' title='bbox 915 3057 1118 3125; x_wconf 73' lang='lat' dir='ltr'><strong>Natiuitatis</strong></span> <span class='ocrx_word' id='word_1_142' title='bbox 1151 3058 1267 3125; x_wconf 86' lang='lat' dir='ltr'><strong>Sancti</strong></span> 
     </span>
     <span class='ocr_line' id='line_1_22' title="bbox 215 3157 1267 3247; baseline -0.001 -20"><span class='ocrx_word' id='word_1_143' title='bbox 215 3161 378 3227; x_wconf 87' lang='lat' dir='ltr'><strong>Johannis</strong></span> <span class='ocrx_word' id='word_1_144' title='bbox 410 3161 581 3247; x_wconf 75' lang='lat' dir='ltr'><strong>Baptistae,</strong></span> <span class='ocrx_word' id='word_1_145' title='bbox 606 3159 644 3224; x_wconf 90' lang='lat' dir='ltr'><strong>in</strong></span> <span class='ocrx_word' id='word_1_146' title='bbox 674 3160 825 3225; x_wconf 87' lang='lat' dir='ltr'><strong>Romana</strong></span> <span class='ocrx_word' id='word_1_147' title='bbox 856 3157 966 3238; x_wconf 80' lang='lat' dir='ltr'><strong>Curia,</strong></span> <span class='ocrx_word' id='word_1_148' title='bbox 989 3160 1045 3225; x_wconf 88' lang='lat' dir='ltr'><strong>vel</strong></span> <span class='ocrx_word' id='word_1_149' title='bbox 1074 3161 1113 3225; x_wconf 90' lang='lat' dir='ltr'><strong>in</strong></span> <span class='ocrx_word' id='word_1_150' title='bbox 1142 3161 1267 3247; x_wconf 83' lang='lat' dir='ltr'><strong>Anglia</strong></span> 
     </span>
     <span class='ocr_line' id='line_1_23' title="bbox 216 3261 1270 3349; baseline -0.001 -21"><span class='ocrx_word' id='word_1_151' title='bbox 216 3263 253 3328; x_wconf 93' lang='lat' dir='ltr'><strong>in</strong></span> <span class='ocrx_word' id='word_1_152' title='bbox 284 3263 421 3330; x_wconf 87' lang='lat' dir='ltr'><strong>civitate</strong></span> <span class='ocrx_word' id='word_1_153' title='bbox 445 3262 700 3340; x_wconf 88' lang='lat' dir='ltr'><strong>Londoniarum,</strong></span> <span class='ocrx_word' id='word_1_154' title='bbox 736 3267 835 3349; x_wconf 89' lang='lat' dir='ltr'><strong>prout</strong></span> <span class='ocrx_word' id='word_1_155' title='bbox 864 3262 985 3349; x_wconf 86' lang='lat' dir='ltr'><strong>eligere</strong></span> <span class='ocrx_word' id='word_1_156' title='bbox 1010 3261 1164 3340; x_wconf 87' lang='lat' dir='ltr'><strong>voluerit,</strong></span> <span class='ocrx_word' id='word_1_157' title='bbox 1196 3285 1270 3349; x_wconf 90' lang='lat' dir='ltr'><strong>per-</strong></span> 
     </span>
     <span class='ocr_line' id='line_1_24' title="bbox 217 3363 1265 3451; baseline -0.003 -18"><span class='ocrx_word' id='word_1_158' title='bbox 217 3365 404 3451; x_wconf 86' lang='lat' dir='ltr'><strong>cipiendam</strong></span> <span class='ocrx_word' id='word_1_159' title='bbox 436 3363 546 3450; x_wconf 86' lang='lat' dir='ltr'><strong>quoad</strong></span> <span class='ocrx_word' id='word_1_160' title='bbox 578 3363 713 3442; x_wconf 85' lang='lat' dir='ltr'><strong>vixerit,</strong></span> <span class='ocrx_word' id='word_1_161' title='bbox 747 3363 955 3430; x_wconf 91' lang='lat' dir='ltr'><strong>concedimus</strong></span> <span class='ocrx_word' id='word_1_162' title='bbox 993 3385 1052 3450; x_wconf 89' lang='lat' dir='ltr'><strong>per</strong></span> <span class='ocrx_word' id='word_1_163' title='bbox 1078 3371 1265 3451; x_wconf 71' lang='lat' dir='ltr'><strong>praesentes.</strong></span> 
     </span>
     <span class='ocr_line' id='line_1_25' title="bbox 214 3465 1270 3554; baseline 0 -22"><span class='ocrx_word' id='word_1_164' title='bbox 214 3469 268 3533; x_wconf 86' lang='lat' dir='ltr'><strong>Ad</strong></span> <span class='ocrx_word' id='word_1_165' title='bbox 284 3489 385 3554; x_wconf 87' lang='lat' dir='ltr'><strong>quam</strong></span> <span class='ocrx_word' id='word_1_166' title='bbox 410 3466 611 3532; x_wconf 91' lang='lat' dir='ltr'><strong>solutionem</strong></span> <span class='ocrx_word' id='word_1_167' title='bbox 634 3465 778 3531; x_wconf 84' lang='lat' dir='ltr'><strong>fideliter</strong></span> <span class='ocrx_word' id='word_1_168' title='bbox 800 3465 985 3532; x_wconf 87' lang='lat' dir='ltr'><strong>faciendam</strong></span> <span class='ocrx_word' id='word_1_169' title='bbox 1001 3465 1187 3553; x_wconf 83' lang='lat' dir='ltr'><strong>obligamus</strong></span> <span class='ocrx_word' id='word_1_170' title='bbox 1210 3489 1270 3532; x_wconf 91' lang='lat' dir='ltr'><strong>nos</strong></span> 
     </span>
     <span class='ocr_line' id='line_1_26' title="bbox 219 3567 1269 3657; baseline -0.002 -20"><span class='ocrx_word' id='word_1_171' title='bbox 219 3575 254 3638; x_wconf 92' lang='lat' dir='ltr'><strong>et</strong></span> <span class='ocrx_word' id='word_1_172' title='bbox 276 3567 444 3637; x_wconf 88' lang='lat' dir='ltr'><strong>ecclesiam</strong></span> <span class='ocrx_word' id='word_1_173' title='bbox 474 3574 622 3635; x_wconf 87' lang='lat' dir='ltr'><strong>nostram</strong></span> <span class='ocrx_word' id='word_1_174' title='bbox 652 3568 885 3656; x_wconf 87' lang='lat' dir='ltr'><strong>supradictam.</strong></span> <span class='ocrx_word' id='word_1_175' title='bbox 947 3568 990 3634; x_wconf 92' lang='lat' dir='ltr'><strong>In</strong></span> <span class='ocrx_word' id='word_1_176' title='bbox 1013 3569 1107 3657; x_wconf 88' lang='lat' dir='ltr'><strong>cujus</strong></span> <span class='ocrx_word' id='word_1_177' title='bbox 1129 3570 1186 3651; x_wconf 89' lang='lat' dir='ltr'><strong>rei,</strong></span> <span class='ocrx_word' id='word_1_178' title='bbox 1209 3576 1269 3638; x_wconf 87' lang='lat' dir='ltr'><strong>etc.</strong></span> 
     </span>
     <span class='ocr_line' id='line_1_27' title="bbox 221 3673 439 3751; baseline 0 -11"><span class='ocrx_word' id='word_1_179' title='bbox 221 3673 356 3751; x_wconf 89' lang='lat' dir='ltr'><strong>Datum,</strong></span> <span class='ocrx_word' id='word_1_180' title='bbox 380 3677 439 3740; x_wconf 88' lang='lat' dir='ltr'><strong>etc</strong></span> 
     </span>
    </p>
   </div>
   <div class='ocr_carea' id='block_1_3' title="bbox 219 3897 1420 4039">
    <p class='ocr_par' dir='ltr' id='par_1_3' title="bbox 219 3897 1420 4039">
     <span class='ocr_line' id='line_1_28' title="bbox 220 3897 1420 3976; baseline 0.007 -15"><span class='ocrx_word' id='word_1_181' title='bbox 220 3897 426 3976; x_wconf 62' lang='lat' dir='ltr'><strong>Procurator-ium</strong></span> <span class='ocrx_word' id='word_1_182' title='bbox 485 3901 519 3950; x_wconf 73' lang='lat' dir='ltr'><strong>eo</strong></span> <span class='ocrx_word' id='word_1_183' title='bbox 596 3897 769 3964; x_wconf 88' lang='lat' dir='ltr'><strong>Universis</strong></span> <span class='ocrx_word' id='word_1_184' title='bbox 801 3903 923 3966; x_wconf 87' lang='lat' dir='ltr'><strong>sanctae</strong></span> <span class='ocrx_word' id='word_1_185' title='bbox 956 3899 1074 3966; x_wconf 88' lang='lat' dir='ltr'><strong>Matris</strong></span> <span class='ocrx_word' id='word_1_186' title='bbox 1112 3900 1266 3968; x_wconf 84' lang='lat' dir='ltr'><strong>Ecclesiae</strong></span> <span class='ocrx_word' id='word_1_187' title='bbox 1282 3905 1420 3960; x_wconf 70' lang='lat' dir='ltr'><strong>sol-1⁶²⁶·</strong></span> 
     </span>
     <span class='ocr_line' id='line_1_29' title="bbox 219 3969 1396 4039; baseline 0.007 -25"><span class='ocrx_word' id='word_1_188' title='bbox 219 3969 416 4029; x_wconf 76' lang='lat' dir='ltr'><strong>promittendum</strong></span> <span class='ocrx_word' id='word_1_189' title='bbox 450 3981 507 4016; x_wconf 84' lang='lat' dir='ltr'><strong>sum</strong></span> <span class='ocrx_word' id='word_1_190' title='bbox 589 4002 596 4016; x_wconf 91' lang='lat'><strong>.</strong></span> <span class='ocrx_word' id='word_1_191' title='bbox 1281 3987 1354 4039; x_wconf 70' lang='lat' dir='ltr'><strong>John</strong></span> <span class='ocrx_word' id='word_1_192' title='bbox 1365 3987 1396 4036; x_wconf 69' lang='lat'><strong>(10</strong></span> 
     </span>
    </p>
   </div>
   <div class='ocr_carea' id='block_1_4' title="bbox 217 3995 1434 4796">
    <p class='ocr_par' dir='ltr' id='par_1_4' title="bbox 217 3995 1434 4796">
     <span class='ocr_line' id='line_1_30' title="bbox 219 3995 1413 4104; baseline -0.002 -32"><span class='ocrx_word' id='word_1_193' title='bbox 219 4031 409 4098; x_wconf 49' lang='lat' dir='ltr'><strong>mmmm„</strong></span> <span class='ocrx_word' id='word_1_194' title='bbox 418 3995 518 4083; x_wconf 55' lang='lat' dir='ltr'><strong>calven:</strong></span> <span class='ocrx_word' id='word_1_195' title='bbox 551 4001 628 4066; x_wconf 90' lang='lat' dir='ltr'><strong>fihis</strong></span> <span class='ocrx_word' id='word_1_196' title='bbox 650 4007 767 4088; x_wconf 88' lang='lat' dir='ltr'><strong>pateat</strong></span> <span class='ocrx_word' id='word_1_197' title='bbox 789 4024 848 4088; x_wconf 89' lang='lat' dir='ltr'><strong>per</strong></span> <span class='ocrx_word' id='word_1_198' title='bbox 881 4009 1059 4088; x_wconf 72' lang='lat' dir='ltr'><strong>praesentm</strong></span> <span class='ocrx_word' id='word_1_199' title='bbox 1086 4004 1175 4090; x_wconf 90' lang='lat' dir='ltr'><strong>quod</strong></span> <span class='ocrx_word' id='word_1_200' title='bbox 1206 4026 1335 4104; x_wconf 60' lang='grc' dir='ltr'><strong>11058ΠΙι</strong></span> <span class='ocrx_word' id='word_1_201' title='bbox 1353 4059 1413 4102; x_wconf 77' lang='lat' dir='ltr'><strong>naon</strong></span> 
     </span>
     <span class='ocr_line' id='line_1_31' title="bbox 220 4069 1427 4191; baseline -0.002 -21"><span class='ocrx_word' id='word_1_202' title='bbox 220 4099 286 4150; x_wconf 68' lang='lat'>‘¹⁸⁰¹-</span> <span class='ocrx_word' id='word_1_203' title='bbox 551 4103 720 4183; x_wconf 87' lang='lat' dir='ltr'><strong>Ricardus,</strong></span> <span class='ocrx_word' id='word_1_204' title='bbox 745 4103 959 4191; x_wconf 88' lang='lat' dir='ltr'><strong>permissione</strong></span> <span class='ocrx_word' id='word_1_205' title='bbox 994 4103 1117 4184; x_wconf 79' lang='lat' dir='ltr'><strong>divina,</strong></span> <span class='ocrx_word' id='word_1_206' title='bbox 1141 4104 1268 4172; x_wconf 91' lang='lat' dir='ltr'><strong>Dunel·</strong></span> <span class='ocrx_word' id='word_1_207' title='bbox 1282 4069 1427 4182; x_wconf 68' lang='lat' dir='ltr'><strong>usinhof)</strong></span> 
     </span>
     <span class='ocr_line' id='line_1_32' title="bbox 219 4185 1390 4303; baseline 0.003 -33"><span class='ocrx_word' id='word_1_208' title='bbox 219 4205 341 4271; x_wconf 86' lang='lat' dir='ltr'><strong>mansis</strong></span> <span class='ocrx_word' id='word_1_209' title='bbox 363 4205 542 4292; x_wconf 89' lang='lat' dir='ltr'><strong>episcopus,</strong></span> <span class='ocrx_word' id='word_1_210' title='bbox 566 4205 723 4272; x_wconf 87' lang='lat' dir='ltr'><strong>dilectum</strong></span> <span class='ocrx_word' id='word_1_211' title='bbox 745 4207 841 4272; x_wconf 92' lang='lat' dir='ltr'><strong>nobis</strong></span> <span class='ocrx_word' id='word_1_212' title='bbox 863 4207 900 4272; x_wconf 89' lang='lat' dir='ltr'><strong>in</strong></span> <span class='ocrx_word' id='word_1_213' title='bbox 918 4206 1051 4274; x_wconf 82' lang='lat' dir='ltr'><strong>Christo</strong></span> <span class='ocrx_word' id='word_1_214' title='bbox 1073 4209 1269 4295; x_wconf 85' lang='lat' dir='ltr'><strong>magistrum</strong></span> <span class='ocrx_word' id='word_1_215' title='bbox 1282 4185 1390 4303; x_wconf 46' lang='lat'><strong>{3¹:²⁸</strong></span> 
     </span>
     <span class='ocr_line' id='line_1_33' title="bbox 217 4306 1392 4398; baseline 0.008 -27"><span class='ocrx_word' id='word_1_216' title='bbox 217 4306 406 4374; x_wconf 62' lang='lat' dir='ltr'><strong>«iohannem</strong></span> <span class='ocrx_word' id='word_1_217' title='bbox 436 4308 478 4374; x_wconf 91' lang='lat' dir='ltr'><strong>de</strong></span> <span class='ocrx_word' id='word_1_218' title='bbox 510 4307 716 4395; x_wconf 83' lang='lat' dir='ltr'><strong>Snayntone,</strong></span> <span class='ocrx_word' id='word_1_219' title='bbox 739 4309 893 4375; x_wconf 86' lang='lat' dir='ltr'><strong>clericum</strong></span> <span class='ocrx_word' id='word_1_220' title='bbox 923 4315 1084 4390; x_wconf 86' lang='lat' dir='ltr'><strong>nostrum,</strong></span> <span class='ocrx_word' id='word_1_221' title='bbox 1116 4333 1270 4398; x_wconf 82' lang='lat' dir='ltr'><strong>procure-</strong></span> <span class='ocrx_word' id='word_1_222' title='bbox 1282 4325 1392 4386; x_wconf 72' lang='lat' dir='ltr'><strong>praetor,</strong></span> 
     </span>
     <span class='ocr_line' id='line_1_34' title="bbox 220 4390 1419 4517; baseline 0.006 -44"><span class='ocrx_word' id='word_1_223' title='bbox 220 4413 325 4474; x_wconf 88' lang='lat' dir='ltr'><strong>torem</strong></span> <span class='ocrx_word' id='word_1_224' title='bbox 358 4415 393 4476; x_wconf 89' lang='lat' dir='ltr'><strong>et</strong></span> <span class='ocrx_word' id='word_1_225' title='bbox 413 4410 573 4477; x_wconf 90' lang='lat' dir='ltr'><strong>nuncium</strong></span> <span class='ocrx_word' id='word_1_226' title='bbox 604 4415 756 4476; x_wconf 84' lang='lat' dir='ltr'><strong>nostrum</strong></span> <span class='ocrx_word' id='word_1_227' title='bbox 777 4410 917 4478; x_wconf 83' lang='lat' dir='ltr'><strong>facimus</strong></span> <span class='ocrx_word' id='word_1_228' title='bbox 940 4413 1115 4498; x_wconf 87' lang='lat' dir='ltr'><strong>specialem</strong></span> <span class='ocrx_word' id='word_1_229' title='bbox 1145 4415 1183 4479; x_wconf 92' lang='lat' dir='ltr'><strong>in</strong></span> <span class='ocrx_word' id='word_1_230' title='bbox 1204 4415 1270 4481; x_wconf 87' lang='lat' dir='ltr'><strong>Ro-</strong></span> <span class='ocrx_word' id='word_1_231' title='bbox 1284 4390 1419 4517; x_wconf 39' lang='lat' dir='ltr'><strong>{ffffiffi</strong></span> 
     </span>
     <span class='ocr_line' id='line_1_35' title="bbox 219 4511 1405 4600; baseline 0.005 -22"><span class='ocrx_word' id='word_1_232' title='bbox 219 4532 318 4578; x_wconf 87' lang='lat' dir='ltr'><strong>mana</strong></span> <span class='ocrx_word' id='word_1_233' title='bbox 341 4511 444 4579; x_wconf 84' lang='lat' dir='ltr'><strong>Ouria</strong></span> <span class='ocrx_word' id='word_1_234' title='bbox 465 4513 509 4578; x_wconf 86' lang='lat' dir='ltr'><strong>ad</strong></span> <span class='ocrx_word' id='word_1_235' title='bbox 533 4513 779 4580; x_wconf 86' lang='lat' dir='ltr'><strong>concedendum</strong></span> <span class='ocrx_word' id='word_1_236' title='bbox 802 4518 838 4579; x_wconf 88' lang='lat' dir='ltr'><strong>et</strong></span> <span class='ocrx_word' id='word_1_237' title='bbox 859 4515 1123 4600; x_wconf 84' lang='lat' dir='ltr'><strong>promittendum</strong></span> <span class='ocrx_word' id='word_1_238' title='bbox 1138 4518 1271 4584; x_wconf 89' lang='lat' dir='ltr'><strong>nomine</strong></span> <span class='ocrx_word' id='word_1_239' title='bbox 1284 4517 1405 4594; x_wconf 37' lang='lat' dir='ltr'><strong>mentm·</strong></span> 
     </span>
     <span class='ocr_line' id='line_1_36' title="bbox 220 4593 1434 4703; baseline 0.006 -25"><span class='ocrx_word' id='word_1_240' title='bbox 220 4619 333 4680; x_wconf 72' lang='lat' dir='ltr'><strong>nostro</strong></span> <span class='ocrx_word' id='word_1_241' title='bbox 355 4615 563 4682; x_wconf 66' lang='lat' dir='ltr'><strong>madelmo</strong></span> <span class='ocrx_word' id='word_1_242' title='bbox 585 4616 622 4680; x_wconf 75' lang='lat' dir='ltr'><strong>in</strong></span> <span class='ocrx_word' id='word_1_243' title='bbox 645 4614 779 4682; x_wconf 69' lang='lat' dir='ltr'><strong>omero</strong></span> <span class='ocrx_word' id='word_1_244' title='bbox 794 4616 884 4701; x_wconf 80' lang='lat' dir='ltr'><strong>patri</strong></span> <span class='ocrx_word' id='word_1_245' title='bbox 907 4637 946 4682; x_wconf 74' lang='lat' dir='ltr'><strong>aa</strong></span> <span class='ocrx_word' id='word_1_246' title='bbox 968 4617 1111 4696; x_wconf 75' lang='lat' dir='ltr'><strong>comino,</strong></span> <span class='ocrx_word' id='word_1_247' title='bbox 1129 4618 1273 4686; x_wconf 77' lang='lat' dir='ltr'><strong>nomino</strong></span> <span class='ocrx_word' id='word_1_248' title='bbox 1285 4593 1314 4703; x_wconf 61' lang='grc' dir='ltr'><strong>ἐξ</strong></span> <span class='ocrx_word' id='word_1_249' title='bbox 1324 4597 1434 4701; x_wconf 57' lang='lat' dir='ltr'><strong>{lgm</strong></span> 
     </span>
     <span class='ocr_line' id='line_1_37' title="bbox 222 4715 1400 4796; baseline -0.002 -12"><span class='ocrx_word' id='word_1_250' title='bbox 222 4715 396 4796; x_wconf 83' lang='lat' dir='ltr'><strong>Clementi,</strong></span> <span class='ocrx_word' id='word_1_251' title='bbox 420 4717 536 4785; x_wconf 84' lang='lat' dir='ltr'><strong>divina</strong></span> <span class='ocrx_word' id='word_1_252' title='bbox 566 4717 783 4786; x_wconf 86' lang='lat' dir='ltr'><strong>Providentia</strong></span> <span class='ocrx_word' id='word_1_253' title='bbox 812 4725 1028 4788; x_wconf 80' lang='lat' dir='ltr'><strong>sacrosanctae</strong></span> <span class='ocrx_word' id='word_1_254' title='bbox 1051 4721 1210 4790; x_wconf 87' lang='lat' dir='ltr'><strong>Romanae</strong></span> <span class='ocrx_word' id='word_1_255' title='bbox 1237 4718 1400 4790; x_wconf 55' lang='lat' dir='ltr'><strong>aclibus⁸</strong></span> 
     </span>
    </p>
   </div>
   <div class='ocr_carea' id='block_1_5' title="bbox 1042 4827 1142 4890">
    <p class='ocr_par' dir='ltr' id='par_1_5' title="bbox 1042 4827 1142 4890">
     <span class='ocr_line' id='line_1_38' title="bbox 1042 4827 1142 4890; baseline -0.01 0"><span class='ocrx_word' id='word_1_256' title='bbox 1042 4827 1142 4890; x_wconf 81' lang='lat'><strong>002</strong></span> 
     </span>
    </p>
   </div>
   <div class='ocr_carea' id='block_1_6' title="bbox 0 0 1735 5792">
    <p class='ocr_par' dir='ltr' id='par_1_6' title="bbox 0 0 1735 5792">
     <span class='ocr_line' id='line_1_39' title="bbox 0 0 1735 5792; baseline 0 0"><span class='ocrx_word' id='word_1_257' title='bbox 0 0 1735 5792; x_wconf 95' lang='lat' dir='ltr'><strong> </strong></span> 
     </span>
    </p>
   </div>
  </div>
 </body>
</html>
