3444 5792
480 879 546 941 404
913 893 1099 942 rxcnsrrr.

312 1114 446 1150 meone
480 1077 675 1142 universalis
710 1077 862 1144 Ecclesiae
894 1078 1048 1146 Pontifici
1080 1079 1170 1144 mille
1205 1101 1330 1146 merces
1368 1080 1518 1145 bonorum

313 1167 442 1282 ἓξὲξ
481 1183 516 1244 et
547 1179 702 1264 legalium
733 1179 976 1266 sterlingorum,
1011 1203 1067 1246 seu
1103 1181 1249 1246 velorem
1284 1181 1470 1258 eorundem,
1490 1181 1521 1244 in

346 1301 373 1349 lu
481 1279 614 1346 floronis
645 1281 763 1358 eureis,
786 1303 829 1353 ex
863 1281 950 1346 dono
974 1288 1087 1348 nostro
1122 1283 1297 1348 solvendas
1330 1283 1438 1347 eidem
1470 1281 1521 1345 do-

330 1381 411 1416 orens.
481 1381 580 1459 mino,
624 1403 753 1447 summo
791 1382 953 1460 Pontifici,
996 1383 1033 1446 in
1071 1383 1221 1448 Romane
1265 1383 1367 1449 Cur-ie
1399 1381 1454 1448 vel
1489 1382 1521 1444 in

479 1483 612 1570 Anglie,
633 1485 786 1550 terminis
816 1506 898 1570 quos
920 1485 964 1549 ed
986 1485 1048 1550 hoc
1079 1486 1256 1572 contigerit
1277 1485 1454 1571 assignem
1483 1484 1521 1548 ed

479 1587 776 1672 recognoscendum
798 1609 858 1652 nos
889 1587 926 1650 in
948 1587 1089 1672 pecunie
1118 1587 1309 1672 hujusmodi
1333 1588 1441 1652 eidem
1471 1586 1521 1650 do

478 1688 569 1752 mino
602 1710 731 1754 summo
765 1688 919 1754 Pontifici
946 1689 1093 1776 obligari,
1127 1695 1161 1754 et
1192 1689 1236 1754 ed
1266 1688 1522 1754 submittendum

478 1810 539 1854 nos
561 1796 596 1854 et
617 1789 785 1856 ecclesium
808 1795 956 1856 nostrem
971 1791 1229 1856 Dunelmensem
1247 1790 1470 1876 jurisdictioni
1491 1795 1522 1854 et

479 1891 668 1957 coercitioni
703 1891 886 1958 Oemererii
918 1892 1045 1957 domini
1076 1893 1183 1957 nostri
1206 1893 1328 1956 summi
1359 1891 1522 1957 Pontificis

479 1993 659 2070 memorati,
675 1999 710 2057 et
731 1993 933 2058 sententium
956 1994 1112 2080 praecepti
1127 1993 1337 2058 subcundum
1359 1993 1422 2058 sub
1445 2012 1519 2078 que-

480 2095 531 2157 vis
553 2115 691 2159 censure
712 2093 931 2160 ecclesiastice
956 2116 1016 2180 pro
1038 2094 1201 2159 solutione
1224 2095 1374 2180 pecuniae
1406 2113 1522 2158 memo⁴

478 2203 560 2260 rstae
582 2196 688 2261 eidem
721 2195 854 2262 domino
879 2196 1016 2261 Summo
1039 2195 1201 2273 Pontifici,
1224 2196 1294 2262 loco
1318 2201 1352 2260 et
1374 2195 1519 2261 terminis

477 2299 521 2363 ed
544 2298 606 2364 hoc
627 2298 811 2384 assignetis,
838 2298 980 2363 fideliter
1002 2297 1152 2365 faciende
1164 2323 1173 2378 ;
1202 2303 1314 2363 retum
1338 2304 1373 2363 et
1395 2299 1520 2362 firmum

477 2397 625 2464 hebituri
657 2400 815 2485 quicquid
853 2399 1012 2486 praeietus
1046 2405 1238 2485 procuretur
1272 2405 1385 2464 noster
1416 2405 1520 2463 nostro

477 2507 512 2564 et
545 2494 687 2566 ecclesiae
718 2507 840 2566 nostrae
870 2501 1003 2566 nomine
1036 2500 1151 2566 fecerit
1183 2501 1220 2564 in
1249 2501 1436 2586 praemissis.
1481 2499 1517 2562 In
1563 2527 1568 2538 ·

476 2602 570 2687 cujus
592 2603 640 2667 rei
671 2602 909 2680 testimonium,
932 2601 1078 2688 sigillum
1108 2608 1259 2667 nostrum
1293 2603 1519 2688 praesentibus,

476 2709 536 2769 etc.
583 2704 709 2770 Datum
734 2703 834 2788 [etc.].

308 2924 352 2976 fol.
368 2933 413 2979 m
424 2927 447 2978 b·
477 2927 514 2977 Ut
534 2928 648 2977 mur
666 2941 742 2990 pecu-
821 2876 991 2954 Ricerdus,
1015 2876 1227 2962 permissione
1250 2876 1376 2954 divine,
1400 2874 1518 2941 Dunol·

309 3001 430 3054 orento
477 2993 518 3042 nia
555 3009 600 3056 pm
633 2992 742 3059 negotiis
776 2979 898 3043 mensis
913 2979 1093 3064 episcopus,
1105 2977 1226 3043 dilecto
1242 2977 1366 3056 clerico,
1383 2979 1517 3044 Domino

308 3075 431 3188 ffirffw
477 3059 648 3123 expediendis.
780 3081 925 3146 Roberto
964 3081 1004 3145 de
1043 3081 1254 3166 Bromptonc,
1292 3085 1328 3145 et
1365 3079 1517 3166 receptori

308 3201 379 3252 John
392 3203 423 3252 de
476 3188 588 3248 nostro
611 3183 837 3260 Dunolmensi,
861 3181 1010 3259 salutem,
1031 3182 1181 3268 gratim,
1198 3188 1233 3246 et
1255 3181 1516 3247 benedictionem

308 3268 419 3383 {2²23ssss
478 3283 633 3350 Volentes
665 3284 782 3350 clerico
816 3290 938 3360 nostro,
969 3285 1128 3370 magistro
1159 3283 1307 3348 Johenni
1330 3285 1372 3348 de'
1404 3282 1517 3365 Insula,

307 3387 517 3451 benenom-dc
541 3387 683 3472 quedem
707 3408 836 3451 summe
857 3387 1005 3472 pecuniae
1028 3407 1095 3471 que
1116 3407 1175 3471 pro
1198 3385 1296 3450 certis
1319 3387 1466 3471 negotiis,
1488 3389 1518 3448 et

307 3466 447 3582 pppirpent
478 3489 679 3574 urgentibus,
714 3489 852 3574 indiget,
875 3488 1059 3564 subvenire,
1091 3487 1186 3552 vobis
1218 3488 1415 3552 mandamus
1445 3507 1517 3572 que·

309 3597 403 3649 affairs.
476 3592 567 3655 tinus
590 3591 697 3655 eidem
719 3591 878 3676 magistro
899 3589 1047 3655 Johenni
1071 3589 1292 3674 quedregints
1314 3611 1447 3664 merces,
1469 3586 1517 3652 vel

476 3692 698 3778 quodraginta
735 3691 847 3768 libres,
885 3691 914 3756 ei
951 3697 1048 3756 tento
1085 3690 1268 3776 indiguerit
1305 3712 1365 3776 pro
1403 3690 1516 3756 eisdem

475 3795 616 3880 negotiis
639 3792 807 3870 faciendis,
823 3793 886 3857 sub
907 3792 1121 3877 praesentium
1144 3792 1345 3868 testimonio,
1369 3813 1442 3857 cum
1463 3811 1516 3855 vos

475 3897 553 3962 inde
576 3895 795 3982 requisiverit,
818 3893 974 3959 liberetis.
1020 3893 1145 3959 Velete.
1191 3893 1329 3972 Datum,
1352 3899 1412 3960 etc

307 4111 351 4163 fol.
367 4119 412 4164 15,
422 4114 445 4165 b,
475 4099 612 4150 Absolutio
640 4114 655 4148 a
683 4113 739 4147 sen·
818 4071 988 4148 Ricardus,
1011 4071 1224 4156 permissione
1251 4070 1375 4147 divine,
1399 4067 1516 4135 Dunol·

307 4192 462 4244 Aemrurion
475 4165 554 4215 ‘0⁰¹³‘
563 4164 738 4228 suspensionis.
772 4173 894 4237 mensis
927 4172 1105 4258 episcopus,
1138 4171 1257 4237 dilecto
1291 4171 1369 4248 filio,
1394 4168 1514 4237 officiali

306 4257 586 4376 {ffiffljofnostro
608 4273 833 4352 Dunolmensi,
856 4275 1006 4353 salutem,
1027 4275 1178 4360 gretiam,
1195 4280 1230 4338 et
1251 4273 1513 4339 benedictionem.

305 4391 461 4454 suspensior.
474 4377 640 4442 Accedens
673 4377 716 4441 ed
749 4399 809 4442 nos
841 4377 994 4441 dominus
1025 4377 1149 4454 Petrus,
1174 4375 1318 4441 ecclesiae
1350 4376 1392 4440 de
1415 4375 1513 4439 Aklcc

473 4477 668 4563 capellanus,
691 4477 903 4562 praesentium
936 4477 1112 4554 exhibitor,
1135 4497 1195 4541 vos
1225 4477 1263 4540 in
1295 4497 1371 4540 eum
1402 4497 1460 4562 pro
1480 4494 1513 4539 eo

472 4580 560 4665 quod
594 4579 791 4664 quibusdem
823 4579 920 4644 dictae
953 4578 1097 4644 ecclesiae
1131 4579 1340 4664 parochianis
1374 4600 1432 4664 per
1460 4597 1514 4642 vos

471 4681 771 4760 excommunicetis,
787 4681 892 4768 culpis
907 4681 976 4746 suis
998 4681 1218 4768 exigentibus,
1234 4681 1270 4745 in
1285 4681 1369 4746 festo
1385 4679 1514 4747 Paschae
