3444 5792
465 821 530 886 392
896 837 1083 886 uxorum.
1157 831 1163 843 ‘

295 1035 366 1088 AJ).
379 1040 452 1088 1³1⁵.
464 1026 529 1094 tati
566 1027 680 1114 populi
718 1029 839 1092 nostres
877 1027 997 1092 ditioni
1036 1025 1176 1112 subjecti
1217 1030 1332 1092 contra
1367 1025 1515 1110 ipsorum

295 1115 452 1246 ffliib
463 1129 636 1194 rebellium
667 1128 879 1194 fraudulenta
911 1128 1025 1214 jacula
1062 1128 1283 1214 provideatur,
1321 1125 1515 1214 diligentius

296 1231 686 1316 emoesmqmcmuu
722 1231 932 1296 advertentes
970 1231 1083 1316 itaque
1113 1229 1201 1315 quod
1238 1251 1297 1315 per
1326 1230 1515 1314 episcopum

294 1313 335 1365 ¹¹³⁸
346 1329 417 1394 ω’.
462 1331 718 1398 Dunelmensem
734 1332 876 1398 inimicis
891 1333 1057 1419 praedictis
1072 1331 1302 1408 marchionem,
1312 1330 1392 1396 dum
1405 1335 1517 1394 tamen

294 1395 443 1498 3:53¹er
462 1433 599 1499 idoneus
622 1433 707 1499 soret
729 1433 818 1500 dicto
840 1435 963 1520 populo
988 1439 1102 1500 nostro
1124 1439 1239 1499 contra
1268 1433 1421 1497 inimicos
1444 1430 1516 1495 illos

295 1512 441 1630 ww
462 1541 498 1601 et
524 1556 636 1600 eorum
662 1557 835 1622 aggressus
865 1536 959 1623 quasi
991 1557 1050 1622 per
1082 1557 1214 1600 murum
1247 1534 1418 1619 lapideum
1450 1551 1516 1596 non

294 1643 449 1696 ornarem.
462 1637 591 1703 modica
620 1637 779 1703 securitas
816 1639 940 1723 poterit
966 1637 1150 1724 praeparari,
1184 1637 1337 1722 quodque
1370 1635 1516 1722 provisio

461 1739 566 1826 ipsius
597 1739 749 1818 ecclesia,
772 1745 853 1805 tunc
876 1741 1034 1819 vacantis,
1059 1741 1125 1804 fuit
1154 1739 1217 1805 hac
1249 1739 1322 1804 vice
1344 1737 1426 1803 olim
1458 1757 1518 1822 per

461 1842 565 1907 felicis
583 1842 816 1906 recordationis
835 1841 1005 1906 dominum
1025 1841 1228 1906 Clementem
1246 1840 1516 1926 praedecessorem

461 1950 608 2010 vestrum
632 1945 711 2010 Sedi
726 1945 931 2030 Apostolicae,
947 1946 1053 2010 nostri
1075 1945 1210 2022 intuitu,
1232 1947 1418 2022 reservata3
1443 1962 1516 2027 quae

461 2046 594 2132 quidem
626 2047 805 2111 reservatio
835 2067 894 2132 per
931 2047 1126 2132 magistrum
1160 2044 1375 2110 Guillelmum
1408 2042 1516 2128 capel-

460 2147 575 2212 lanum
597 2151 632 2212 et
661 2147 821 2212 nuncium
847 2153 996 2212 vestrum
1026 2148 1063 2211 in
1092 2145 1216 2233 Anglia
1244 2146 1311 2212 fuit
1344 2146 1448 2231 priori
1482 2149 1515 2208 et

460 2247 639 2314 conventui
665 2247 770 2334 ipsius
799 2248 943 2314 ecclesiae
973 2248 1207 2314 Dunelmensis
1243 2253 1422 2333 antequam
1458 2248 1516 2312 eli·

458 2355 575 2434 gerent
592 2347 961 2428 solemnitersintimata,
979 2349 1057 2415 licet
1079 2349 1144 2435 ipsi
1165 2349 1255 2434 prior
1272 2354 1307 2414 et
1321 2348 1514 2436 capitulum,

458 2449 495 2513 in
517 2455 744 2535 contemptum
762 2456 910 2514 vestrum
933 2456 968 2516 et
986 2451 1084 2516 dictae
1101 2450 1203 2528 Sedis,
1219 2450 1385 2535 quendam
1403 2471 1515 2516 mona

459 2551 558 2616 chum
584 2551 625 2616 de
652 2551 739 2617 facto
766 2551 927 2638 elegerint
953 2558 1031 2618 eta
1062 2552 1159 2617 nobis
1181 2573 1353 2618 assensum
1386 2554 1513 2639 regium

459 2652 524 2738 ipsi
555 2652 708 2718 electioni
734 2654 893 2738 petierint
923 2654 1086 2740 impertiri
1099 2653 1222 2734 ;-Nos
1245 2655 1404 2732 nolentes,
1428 2655 1514 2720 sicut

458 2775 520 2820 nec
542 2754 707 2832 debemus,
730 2761 845 2821 contra
874 2757 1129 2821 reservationem
1162 2756 1355 2842 praedictam
1387 2755 1514 2841 aliquid

545 2921 551 2934 ,
596 2921 602 2934 ,
685 2919 692 2932 ,
759 2858 960 2944 attemptari,
999 2879 1168 2923 assensum
1201 2858 1399 2944 praedictum
1432 2858 1513 2945 ipsis

461 2922 620 2986 ssppuauo
638 2936 714 2986 ψ’
759 2961 917 3026 duximus
969 2961 1205 3047 denegandum.
1278 2961 1328 3026 Ea
1380 2967 1512 3048 propter

459 3067 631 3133 sanctitati
653 3072 773 3132 vestrm
792 3064 921 3130 devotis
943 3063 1096 3149 precibus
1114 3061 1337 3148 supplicamus
1356 3065 1512 3149 quatinus

459 3170 503 3234 ad
526 3174 651 3234 statum
678 3167 834 3234 Marchiee
864 3165 1031 3252 praedictae
1054 3170 1089 3230 et
1118 3164 1233 3251 populi
1254 3165 1360 3230 nostri
1389 3165 1511 3230 ibidem

459 3271 552 3356 pium
587 3275 734 3356 paternus
772 3267 1041 3335 considerationis
1077 3266 1239 3331 intuitum
1276 3271 1512 3343 convertentes,

459 3373 557 3438 diuae
588 3371 732 3438 ecclesiae
762 3369 989 3446 Dunelmensi,
1015 3390 1105 3433 nunc
1134 3369 1276 3454 pastoris
1309 3369 1429 3435 solacio
1462 3369 1511 3432 vi-

460 3473 579 3551 duatae,
597 3475 637 3538 de
661 3474 781 3539 dilecto
801 3472 918 3538 clerico
940 3475 975 3535 et
995 3469 1236 3556 consanguineo
1259 3475 1372 3535 nostro
1394 3471 1514 3558 magis·

460 3581 512 3640 tro
547 3575 719 3640 Lodewico
743 3575 783 3640 de
807 3573 900 3639 Bello
916 3571 1037 3650 Monte,
1056 3572 1092 3635 in
1116 3571 1250 3638 ecclesia
1271 3572 1378 3638 beatae
1399 3572 1510 3637 Mariae

460 3704 651 3757 cummunio
685 3677 804 3742 Sarum
823 3674 1035 3752 thesaurario,
1054 3694 1152 3758 quem
1174 3673 1347 3739 literarum
1367 3675 1510 3751 scientia,

459 3773 545 3836 Papae.
684 3799 813 3843 morum
836 3776 984 3863 gmvitss
1006 3775 1130 3841 etalio
1152 3775 1326 3842 innumera
1347 3776 1510 3841 virtutum

459 3880 603 3966 insignia
633 3879 863 3965 multipliciter
896 3877 1068 3964 adjuvant,
1106 3877 1287 3963 dignemini
1320 3878 1363 3943 de
1394 3884 1510 3944 vestra

459 3982 675 4069 benignitatis
702 3963 928 4045 muniffcentia
953 3979 1134 4065 providere,
1157 4000 1196 4046 ac
1229 3979 1358 4046 dilectis
1388 3979 1510 4046 clericis

459 4085 580 4149 nostris
610 4082 777 4169 magistris
809 4080 1007 4167 Reymundo
1035 4079 1191 4146 Subirani
1217 4085 1252 4145 et
1277 4081 1421 4146 Andreae
1452 4081 1510 4146 Sa·

460 4186 525 4272 piti
547 4185 583 4250 in
605 4185 671 4248 hiis
693 4205 767 4269 quae
794 4204 892 4268 super
914 4181 1124 4268 expeditione
1146 4181 1272 4267 negotii
1300 4181 1391 4246 illius
1422 4205 1510 4250 sanc-

627 4287 719 4351 titati
742 4289 871 4361 vestr-se,
899 4284 926 4347 si
948 4283 1065 4368 placet,
1088 4305 1130 4347 ex
1157 4287 1251 4368 parte
1278 4288 1391 4348 nostra
1413 4306 1511 4370 expo-

627 4385 779 4452 suerintl
795 4385 875 4450 viva
901 4406 988 4461 voce,
1015 4383 1114 4449 fidem
1142 4385 1313 4449 indubiam
1336 4385 1511 4458 adhibere3

461 4511 629 4577 speramus
663 4489 752 4554 enim
785 4487 875 4572 quod
905 4507 965 4572 per
1002 4485 1107 4571 ipsius
1140 4487 1374 4572 consanguinei
1407 4489 1510 4553 nostri

460 4593 633 4680 providam
655 4589 978 4675 circumspectionem
1001 4587 1135 4653 ecclesia
1156 4592 1338 4654 memorata
1359 4587 1396 4652 in
1418 4589 1512 4675 spiri·

461 4351 588 4405 Creontis.

827 4764 835 4798 ¹
852 4771 1027 4830 exposuerunt
1038 4765 1065 4815 in
1076 4765 1133 4817 MS.
