3444 5792
631 933 817 983 axonam.
1189 919 1254 982 4:31

203 1119 329 1200 teneri3
361 1123 396 1184 et
417 1123 458 1184 nt
479 1119 628 1183 animum
651 1123 802 1183 nostrum
825 1117 869 1183 ad
891 1117 954 1183 hoc
976 1117 1166 1203 expositum
1189 1115 1258 1182 effi·
1272 1127 1419 1180 serenato

203 1221 311 1286 cacius
327 1219 501 1296 sentiatis‚¹
524 1220 619 1284 vobis
638 1218 817 1305 quamdam
840 1240 986 1284 annuam
1002 1219 1201 1305 pensionem,
1218 1217 1258 1282 de
1272 1196 1358 1321 2ss}ssss
1369 1195 1399 1245 ot

203 1324 298 1390 nobis
314 1321 559 1410 percipiendam
582 1323 677 1387 vobis
701 1323 898 1408 [usquequo]
923 1321 964 1388 de
979 1321 1137 1387 beneficio
1160 1320 1259 1386 ecole-
1272 1327 1368 1406 golqen

205 1425 336 1493 siastico
358 1448 417 1513 per
435 1447 495 1490 nos
510 1425 680 1511 provisum
702 1425 811 1502 fuerit,
829 1424 986 1489 duximus
1002 1393 1401 1524 concedendamffigffi

205 1549 304 1613 super
326 1549 392 1614 qua
424 1527 571 1593 litteram
597 1532 745 1592 nostram
777 1531 948 1612 patentem
971 1525 1066 1592 vobis
1088 1523 1261 1591 transmit-

204 1629 308 1694 timus
330 1651 406 1695 cum
428 1627 645 1716 praesentium
667 1628 836 1714 portitore.

251 1731 296 1797 Et
318 1732 404 1818 quia,
428 1736 566 1818 pensata
587 1731 696 1818 gratia
727 1751 828 1816 quam
850 1730 1004 1796 dominus
1029 1734 1142 1795 noster
1164 1728 1262 1794 Sum·

205 1853 280 1897 mus
303 1831 460 1899 Pontifex
490 1831 586 1897 nobis
609 1831 688 1898 fecit
715 1831 752 1896 in
774 1837 888 1897 nostra
909 1831 1100 1917 hujusmodi
1127 1851 1262 1896 excusa-

205 1935 303 2014 tione,
329 1936 435 2001 eidem
466 1935 590 2000 servire
615 1934 778 2012 volumus,
801 1938 842 1999 ut
871 1939 1032 2012 tenemur,
1056 1934 1097 1998 de
1120 1938 1263 2018 quatuor

205 2037 296 2102 mille
318 2037 450 2102 florenis
476 2037 549 2102 auri
581 2036 622 2102 de
653 2022 829 2114 Florentia
862 2057 944 2122 quos
976 2057 1035 2122 per
1068 2040 1263 2100 mercatores

205 2145 335 2204 nostros
357 2139 393 2203 in
416 2139 506 2205 dicta
520 2139 612 2204 curia
636 2139 720 2204 solvi
735 2139 899 2218 faciemus,
923 2159 1021 2226 super
1043 2138 1163 2224 quibus
1177 2137 1264 2202 lator

206 2241 419 2328 praesentium
453 2241 582 2306 litteras
622 2245 839 2306 mercatorum
881 2241 1027 2327 ejusdem
1064 2240 1101 2304 in
1141 2238 1264 2325 Anglia

207 2363 317 2410 secum
349 2343 623 2410 commorantium
657 2341 752 2408 sociis
784 2342 853 2407 suis
884 2342 921 2406 in
945 2341 1046 2407 Ouria
1076 2339 1264 2406 liberandas

208 2445 320 2523 defert,
344 2465 404 2510 vos
427 2445 613 2531 specialiter
639 2443 836 2530 requirimus
858 2449 893 2510 et
918 2465 1071 2531 rogamus
1098 2442 1263 2529 quatinus,

208 2546 447 2612 communicato
490 2545 625 2611 consilio
663 2567 761 2632 super
802 2545 865 2612 hoc
902 2567 978 2612 cum
1021 2543 1264 2610 venerabilibus
1348 2533 1351 2538 ¹

208 2647 289 2712 viris
330 2647 445 2714 amicis
482 2647 603 2712 nostris
644 2647 681 2711 in
718 2645 851 2713 Christo
889 2646 1072 2725 carissimis,
1107 2647 1265 2733 magistro

208 2749 406 2835 Reymundo
425 2748 525 2814 Fabri
544 2753 579 2814 et
599 2747 742 2836 Hugone
761 2748 902 2826 Geraldi,
926 2749 1069 2836 qualiter
1091 2749 1263 2814 servitium

208 2851 399 2938 hujusmodi
420 2851 493 2916 fieri
516 2851 642 2929 debeat,
661 2850 823 2929 videlicet,
842 2873 885 2916 an
908 2871 966 2937 per
987 2873 1105 2916 manus
1129 2856 1263 2929 vestras,

208 2953 327 3020 delatis
345 2954 477 3020 florenis
500 2954 537 3018 in
558 2953 736 3040 praesentia
758 2953 884 3019 domini
901 2954 1006 3019 nostri
1029 2954 1187 3040 praedicti,
1210 2953 1265 3019 vel

208 3057 274 3122 alio
296 3057 393 3122 modo
414 3056 518 3122 dictos
533 3055 672 3122 florenos
690 3077 711 3121 a
729 3055 827 3122 dictis
844 3057 1079 3122 mercatoribus
1099 3056 1266 3144 recipiatis

208 3157 252 3223 ad
275 3157 449 3223 servitium
475 3155 666 3244 hujusmodi
689 3157 877 3224 faciendum
907 3157 1144 3224 honorabiliori
1168 3159 1265 3224 modo

210 3281 275 3346 quo
293 3281 353 3345 pro
370 3258 466 3324 nobis
489 3279 564 3325 cum
582 3258 718 3325 consilio
736 3259 894 3345 praedicto
912 3259 1069 3325 videbitis
1093 3260 1265 3345 expedire3

208 3362 341 3448 proviso
364 3361 454 3448 quod
477 3361 568 3426 istud
602 3361 776 3426 servitium
798 3362 859 3427 fiet
881 3363 988 3428 modis
1010 3362 1164 3427 omnibus
1187 3368 1265 3428 ante

210 3463 413 3549 quindenam
445 3461 648 3528 Nativitatis
680 3462 795 3529 Sancti
817 3463 981 3529 Johannis
1008 3465 1191 3550 Baptistae;
1213 3488 1264 3531 re-

180 3596 188 3612 *
210 3565 368 3651 cipientes
390 3587 412 3630 a
433 3566 592 3651 praedicto
614 3566 772 3652 magistro
796 3565 995 3652 Reymundo
1019 3565 1167 3634 litteram
1190 3590 1265 3634 nos-

210 3672 296 3732 tram
319 3671 491 3753 patentem
514 3667 555 3732 de
579 3667 725 3753 quinque
747 3667 838 3732 mille
861 3667 1002 3746 florenis,
1024 3689 1124 3754 quam
1147 3669 1265 3756 praefa-

211 3774 266 3834 tus
296 3769 432 3835 clericus
462 3773 575 3834 noster
597 3769 704 3834 eidem
727 3775 886 3856 exparte
910 3777 1023 3836 nostra
1045 3793 1104 3858 pro
1127 3773 1265 3859 praedic·

211 3871 256 3935 tis
279 3877 423 3957 quatuor
444 3871 534 3937 mille
557 3871 690 3936 florenis
719 3872 854 3937 nomine
884 3873 964 3939 dicti
998 3873 1124 3939 domini
1157 3875 1264 3940 nostri

212 3971 343 4037 Summi
380 3971 551 4038 Pontificis
584 3971 750 4050 liberavit,
782 3973 942 4060 praedicta
979 3979 1020 4038 ut
1050 3975 1086 4040 in
1116 3981 1264 4062 tempore

211 4073 295 4140 liant
316 4079 357 4140 ut
379 4075 463 4141 citra
484 4080 616 4162 tempus
638 4075 842 4161 praedictum,
858 4076 887 4140 si
902 4075 1018 4162 placet,
1034 4077 1103 4143 sint
1125 4077 1265 4144 sollicite

211 4175 314 4240 insita
336 4176 426 4242 cordi
449 4181 579 4256 vestr03
601 4176 688 4242 circa
716 4177 977 4262 prosecutionem
1008 4179 1108 4244 etiam
1131 4201 1260 4265 promo·

211 4275 337 4342 tionem
360 4282 395 4342 et
427 4277 673 4363 expeditionem
698 4277 839 4344 aliorum
862 4279 1071 4366 negotiorum
1101 4301 1162 4347 nos
1189 4285 1262 4347 tan-

212 4379 363 4465 gentium
397 4379 433 4444 in
455 4379 545 4446 diota
567 4379 667 4460 curia,
689 4399 765 4446 cum
796 4402 835 4446 ea
864 4381 908 4446 ad
930 4382 1085 4448 notitiam
1119 4389 1264 4450 vestram

212 4481 432 4569 pervenerint,
455 4503 554 4569 super
575 4503 716 4570 quorum
737 4482 904 4570 aliquibus
926 4484 1086 4572 praefatus
1108 4487 1266 4575 magister

247 4731 498 4786 nemesus.
735 4731 741 4802 ι
796 4733 1066 4789 emmanue.
