3444 5792
634 929 820 980 nxcnnrru.
1076 957 1087 974 .
1191 916 1256 981 399

203 1141 282 1185 eura
296 1119 507 1204 aliquatenus
521 1117 717 1204 negligatur.
765 1116 808 1180 In
830 1115 925 1201 cujus
948 1115 996 1180 rei
1019 1115 1258 1193 testimonium,

203 1226 380 1306 praesentes
403 1219 518 1285 literas
539 1218 605 1283 tibi
638 1218 720 1298 fieri,
754 1222 790 1282 et
830 1221 944 1282 nostro
976 1217 1086 1303 sigillo
1120 1216 1258 1284 fecimus

203 1323 410 1389 communiri.
457 1323 594 1400 Datum,
617 1325 677 1388 etc.

247 1540 417 1618 Ricardus,
441 1538 656 1626 permissione
679 1537 803 1615 divina,
827 1535 1062 1602 Dunolmensis
1077 1536 1257 1623 episcopus,
1271 1557 1315 1610 fol.
1330 1559 1408 1612 1111,

203 1642 332 1709 dilectis
347 1641 433 1720 filiis,
457 1693 463 1706 .
481 1693 487 1707 .
512 1639 618 1706 Priori
634 1644 669 1705 et
685 1637 876 1705 conventui
891 1639 1034 1705 ecclesiae
1049 1643 1171 1704 nostrae
1187 1639 1258 1704 Du·
1270 1638 1390 1716 Peremp3

202 1745 390 1827 nolmensis,
410 1743 560 1822 salutem,
576 1742 728 1829 gratiam,
751 1747 786 1808 et
800 1741 1073 1808 benedictionem.
1121 1741 1258 1806 Dudum
1270 1712 1420 1838 3352}oe

203 1848 240 1912 in
262 1847 399 1914 ecelesia
420 1851 535 1912 nostra
556 1844 785 1924 Dunolmensi‚
812 1845 916 1930 juxta
937 1851 1061 1910 nostrae
1083 1845 1259 1931 pastoralis
1271 1838 1427 1956 fflsshbessffi

204 1953 320 2036 [curae]
344 1951 502 2029 debitum,
517 1955 588 2016 tam
604 1949 641 2014 in
656 1949 764 2036 capite
788 1969 888 2035 quam
912 1949 949 2013 in
971 1949 1128 2014 membris
1143 1949 1259 2015 visita-
1272 1921 1394 2022 1110111.

202 2054 306 2120 tionis
328 2052 471 2120 officium
508 2057 705 2130 exercentes,
729 2051 824 2117 vobis
855 2056 978 2118 nostres
1014 2051 1104 2118 vocis
1127 2065 1258 2140 organo,
1272 2037 1388 2155 ffi‘gffn

202 2176 241 2221 ac
262 2155 482 2241 postmodum,
505 2154 617 2240 aliquo
640 2153 732 2218 fluxo
755 2151 884 2218 dierum
906 2153 1021 2240 spatio,
1045 2175 1104 2240 per
1129 2159 1260 2221 nostras
1273 2140 1416 2234 consequdn

201 2257 315 2323 literas
338 2257 549 2323 meminimus
571 2255 767 2341 injunxisse,
792 2255 881 2342 quod
903 2255 991 2321 infra
1013 2257 1134 2322 festum
1164 2237 1419 2370 Ρυὴ-ξξέᾓζξξὲ*

202 2360 367 2427 ficationis
390 2359 504 2424 Beatae
527 2357 653 2434 Mariae,
669 2358 758 2443 quod
772 2362 855 2424 tunc
871 2357 1023 2424 futurum
1046 2363 1125 2438 erat,
1140 2381 1257 2426 verum
1270 2371 1346 2420 make
1356 2371 1406 2421 due

202 2465 327 2528 statum
351 2461 455 2526 vestri
476 2459 680 2538 monasterii,
696 2479 735 2526 ac
750 2459 900 2546 ejusdem
923 2459 1084 2527 bonorum
1108 2462 1257 2528 omnium
1269 2451 1396 2566 qqueerer·

201 2564 464 2641 aestimationem,
488 2568 529 2628 ut
560 2562 657 2628 nobis
680 2566 847 2629 constaret
878 2567 977 2649 prout
1005 2563 1121 2629 debuit
1142 2567 1257 2629 utrum
1269 2570 1323 2620 cain
1334 2569 1396 2647 arti3

201 2668 264 2733 sub
285 2671 397 2732 vestro
418 2665 579 2752 regimine
602 2665 720 2730 domus
742 2665 816 2751 ipsa
838 2665 1061 2752 respiraverit,
1086 2672 1147 2732 aut
1170 2635 1419 2754 Μῃ1ἷέξῖξξ,ξῗζ

201 2775 314 2836 vestra
347 2770 557 2835 decrementa
588 2767 793 2854 susceperint
823 2768 880 2832 vel
909 2774 1139 2855 augmentum,
1165 2769 1258 2834 nullo
1270 2767 1334 2820 tion.

200 2877 365 2958 praetenso
399 2869 623 2936 excusationis
644 2869 842 2948 velamento,
870 2870 1043 2936 ostendere
1077 2871 1257 2953 curaretis;

201 2973 289 3038 infra
322 2993 422 3058 quem
455 2970 637 3036 terminum
668 2970 764 3036 nobis
796 2993 855 3057 per
887 2976 1016 3037 vestras
1047 2972 1162 3039 literas
1195 2974 1259 3039 sub

201 3075 310 3162 sigillo
337 3073 505 3140 communi
527 3072 678 3160 Capituli
700 3073 803 3139 vestri
827 3074 965 3154 clausas,
988 3080 1027 3140 ut
1050 3097 1110 3142 vos
1134 3078 1259 3162 quoad

201 3179 423 3245 ostensionem
447 3177 530 3243 dieti
552 3181 661 3242 status
683 3176 743 3241 illa
768 3176 841 3243 viee
864 3199 924 3243 vos
955 3177 1076 3244 habere
1107 3175 1259 3266 dignare·

201 3303 276 3346 mur
290 3280 393 3345 latius
415 3283 598 3356 excusatos,
621 3299 681 3364 per
696 3278 827 3346 easdem
849 3301 909 3344 101
930 3279 1062 3346 litteras
1085 3281 1258 3348 offerentes

202 3381 342 3449 eundem
366 3385 494 3446 statum
516 3379 553 3444 in
575 3379 682 3466 primo
704 3379 853 3445 adventu
867 3385 982 3446 nostro
997 3382 1087 3468 apud
1102 3405 1162 3450 vos
1185 3384 1257 3450 sine

201 3483 370 3550 ulterioris
393 3481 617 3548 excusationis
640 3481 779 3567 diffugio
801 3482 946 3568 pleniter
968 3489 1167 3551 ostensuros.

246 3586 397 3671 Cumque
420 3584 632 3671 postmodum
655 3583 710 3648 die
733 3584 837 3650 Lunae
860 3585 1012 3671 proxima
1033 3592 1110 3674 post
1135 3588 1257 3654 festum

203 3688 334 3756 Sanctae
367 3685 552 3764 Trinitatis,
585 3685 769 3772 deindeque
800 3687 915 3772 paucis
949 3687 1094 3754 evolutis
1131 3689 1257 3770 diebus,

201 3793 323 3858 iterum
346 3789 438 3876 apud
453 3787 658 3854 Dunolmum
684 3792 833 3853 nostram
856 3790 1068 3874 praesentiam
1096 3791 1258 3858 exhiben-

201 3901 260 3973 tes,
291 3892 512 3976 facientesque
535 3890 603 3956 fere
632 3911 691 3976 per
725 3911 828 3956 unam
859 3889 1100 3958 hebdomadam
1131 3915 1257 3960 moram

201 3997 257 4076 ibi,
282 3996 408 4062 dictum
431 3998 557 4059 statum
579 3993 675 4058 nobis
706 3993 778 4058 fieri
801 4015 877 4060 cum
907 3994 1071 4060 instantia
1092 3995 1129 4060 in
1150 3996 1258 4063 forma

202 4099 316 4165 debita
336 4102 531 4184 peteremus,
555 4095 649 4160 nullo
675 4096 773 4160 modo
797 4100 879 4162 tunc
900 4095 1071 4184 potuimus
1101 4099 1258 4186 consequi

202 4207 318 4268 votum
355 4204 516 4280 nostrum,
552 4197 641 4283 quod
678 4198 790 4284 potius
822 4219 865 4263 ex
896 4197 1063 4265 industria
1084 4221 1184 4286 quum
1209 4201 1256 4268 im
1361 4199 1364 4206 '

203 4301 355 4391 potentia
376 4323 446 4367 non
467 4300 669 4388 ambigimus
691 4322 751 4365 vos
773 4299 897 4366 fecisse.

247 4404 396 4471 Tandem
429 4404 534 4491 igitur
565 4408 642 4490 post
688 4402 811 4468 festum
859 4401 975 4470 Sancti
1021 4403 1257 4472 Bartholomaei

202 4509 320 4574 ultimo
347 4507 553 4593 praeteritum
575 4527 634 4592 per
655 4505 866 4591 trinesjvices
888 4505 978 4592 apud
1000 4505 1205 4573 Dunolmum
1220 4508 1257 4572 in

201 4631 271 4676 una
291 4610 477 4696 septimana
503 4607 720 4694 personaliter
742 4607 932 4686 existentes,
959 4629 1092 4695 vosque,
1115 4609 1170 4676 vel
1193 4610 1258 4678 sal·

202 4720 272 4780 tem
294 4712 453 4798 majorem
474 4716 605 4798 partem
627 4709 776 4796 capituli,
791 4730 900 4777 coram
922 4711 1018 4776 nobis
1034 4717 1256 4800 congregatos,

135 4865 139 4874 .
203 4837 302 4903 super
332 4813 471 4881 diversis
505 4813 648 4900 negotiis
678 4811 934 4899 praesentialiter
967 4813 1181 4900 alloquentes,
1220 4816 1256 4882 id
