3444 5792
464 861 529 926 436
898 873 1084 924 sxcnnrrs

461 1059 551 1136 escit
573 1079 702 1124 necnon
723 1063 759 1124 et
781 1057 887 1122 Priori
919 1063 955 1123 et
984 1057 1173 1123 Conventui
1201 1055 1358 1143 ejusdem
1391 1053 1454 1120 looi
1475 1052 1520 1116 di-

462 1161 645 1226 versimode
683 1161 752 1226 sint
788 1159 883 1238 illati,
917 1160 1039 1246 quibus
1072 1181 1141 1225 non
1178 1159 1407 1234 mediocriter,
1439 1157 1519 1220 sieut

461 1261 632 1340 oredimus,
664 1267 776 1326 vestm
806 1260 924 1342 diisset
957 1282 1126 1354 eompeess
1156 1260 1365 1347 benignitas,
1388 1262 1425 1322 et
1450 1277 1519 1321 eon-

461 1384 580 1450 gmum
603 1363 793 1430 directionis
815 1362 1024 1428 adhibuisset
1053 1363 1243 1440 remedium,
1267 1383 1376 1448 super
1398 1358 1471 1434 illis,
1492 1359 1518 1420 si

463 1465 502 1530 de
524 1465 666 1532 verines
697 1485 813 1562 eorum
832 1465 928 1530 vobis
959 1464 1115 1551 primitus
1145 1464 1364 1540 eonstitisset
1394 1459 1519 1526 Suneti·

461 1566 526 1633 teti
563 1566 692 1632 devotis
730 1565 882 1652 precibus
915 1566 1140 1654 supplieemus
1177 1565 1341 1652 qustinns
1388 1560 1517 1648 negotis

461 1689 536 1754 ques
573 1667 760 1734 Priorstum
807 1667 1003 1755 praedietum
1041 1668 1241 1756 eontingrmt
1277 1667 1454 1741 habentes,
1489 1661 1515 1726 si

461 1769 578 1856 plseet,
601 1769 721 1837 effectu
744 1769 890 1856 propitio
916 1769 1153 1849 oommendsts,
1176 1767 1462 1836 examinationem
1483 1769 1515 1828 et

461 1871 695 1938 discussionem
718 1893 832 1938 eorum
862 1871 1046 1958 dignemini
1072 1877 1183 1937 vestro
1211 1871 1350 1958 proprio
1373 1865 1513 1934 examini

460 1993 636 2052 reservare,
658 1972 713 2038 vel
743 1973 861 2040 saltem
892 1973 1060 2058 aliquibus
1090 1973 1188 2040 eertis
1219 1972 1372 2060 personis
1394 1967 1512 2035 exemi-

459 2075 571 2140 nends
592 2081 628 2142 et
649 2075 859 2142 discutienda
879 2075 1094 2154 eommittere,
1110 2095 1185 2162 quse
1206 2095 1276 2140 non
1297 2072 1431 2140 fixerint
1442 2091 1511 2156 per-

459 2173 574 2256 tieies;
607 2180 647 2241 ut
668 2175 710 2240 de
731 2175 873 2243 veritate
902 2177 1049 2262 ipsorum
1078 2175 1287 2263 negotiorum
1309 2173 1444 2261 plenius
1463 2171 1509 2234 in·

460 2275 602 2355 formati,
624 2277 668 2344 ed
690 2277 917 2365 suggestiones
939 2277 1126 2366 praedietes‚
1149 2299 1224 2364 quoe
1246 2277 1381 2342 nullam
1413 2275 1449 2340 in
1476 2291 1507 2338 se

460 2379 632 2444 eontinent
676 2379 861 2457 veritatem,
893 2380 941 2446 sie
978 2380 1113 2446 demum
1150 2379 1357 2468 condignum
1394 2375 1506 2441 bebere

459 2478 572 2546 velent
597 2479 809 2566 providentie
829 2485 942 2546 vestre
963 2487 1157 2568 respectum,
1187 2481 1245 2567 qui
1275 2476 1505 2548 inconveniens

461 2581 556 2666 [non]
579 2581 735 2646 videatur
756 2585 792 2646 et
813 2581 966 2647 extiterit
988 2587 1203 2668 opportunus,
1226 2603 1266 2648 ee
1286 2581 1393 2648 etiem
1415 2597 1504 2663 super

459 2683 627 2768 proedietis
649 2683 830 2770 dirigendis
845 2685 1033 2752 excessibus
1049 2690 1084 2751 et
1101 2684 1269 2751 violentiis
1292 2683 1501 2752 ordinarent

459 2806 523 2870 que
539 2785 712 2872 disponere
726 2805 765 2852 eo
787 2785 886 2852 medo
901 2786 991 2871 quod
1005 2786 1049 2852 ed
1064 2787 1129 2852 Dei
1150 2792 1186 2852 et
1200 2786 1335 2854 Senetae
1358 2781 1501 2852 umens

458 2906 497 2952 ee
519 2886 616 2953 Besti
639 2885 867 2952 Oonfessoris¹
889 2887 1041 2973 preedieti
1070 2887 1167 2954 oedst
1192 2887 1361 2966 honorem,
1384 2902 1499 2950 necnon

457 2993 493 3052 et
514 2993 623 3054 stetus
644 2987 797 3074 proedieti
820 2987 990 3054 Prioretus
1019 2989 1258 3056 meliorationis
1283 2991 1498 3077 augmentum.

459 3087 504 3153 Et
540 3087 756 3154 nihilominus
793 3089 835 3154 de
872 3091 1119 3176 contemptibus
1157 3111 1305 3178 persons
1346 3081 1496 3176 praelibeti

458 3189 581 3254 Prioris
602 3188 772 3268 violenter,
795 3189 883 3256 sient
912 3191 1137 3276 premittitur,
1168 3191 1332 3278 irrogetis,
1356 3189 1498 3274 dignetur

457 3295 569 3356 vestre
589 3289 766 3356 elementis
787 3288 889 3358 letius
903 3290 1069 3376 inquirere
1086 3291 1271 3360 veritatem
1318 3288 1494 3360 eonsewet

457 3399 517 3460 ete
563 3392 699 3473 Detum,
721 3397 782 3461 ete.

838 3637 1121 3706 wensminus.
