3444 5792
665 843 853 892 sxcnnrrr.
1223 835 1286 896 405

229 1025 348 1091 ultimo
372 1027 541 1112 praeterito
573 1028 715 1093 scienter
745 1028 946 1114 impenderit
970 1027 1190 1094 Eucharistiae
1226 1029 1285 1094 Sa-

229 1134 445 1208 cramentum,
470 1129 694 1215 suspensionis
718 1131 918 1194 sententiam
942 1151 963 1194 a
985 1129 1205 1195 celebratione
1236 1131 1285 1194 di·

230 1231 384 1295 vinorum
409 1232 551 1296 asseruit
573 1231 774 1308 fulminasse,
798 1237 838 1296 ut
871 1232 981 1317 ipsum
1004 1232 1048 1296 ab
1070 1255 1110 1297 ea
1132 1233 1282 1318 dignare-

230 1357 305 1398 mur
319 1334 488 1400 absolvere
504 1334 675 1399 humiliter
698 1334 918 1420 supplicavit3
940 1355 1000 1400 nos
1023 1335 1128 1420 igitur
1150 1356 1283 1400 causam

230 1441 364 1523 propter
401 1457 501 1522 quam
540 1436 763 1521 suspenditur,
795 1441 830 1501 et
867 1437 972 1522 ipsius
1005 1437 1280 1515 circumstantias,

229 1538 419 1616 nescientes,
443 1543 560 1623 utpote
588 1538 628 1602 de
661 1538 783 1602 eisdem
807 1559 866 1622 per
899 1543 1026 1602 vestras
1050 1538 1179 1603 litteras
1213 1560 1282 1603 non

229 1639 392 1716 instructi,
419 1639 513 1704 vobis
547 1639 751 1716 mandamus,
784 1639 943 1724 quatinus
976 1639 1074 1704 modo
1106 1645 1141 1704 et
1175 1640 1280 1725 culpae

229 1742 399 1828 qualitate,
424 1742 464 1807 de
488 1742 607 1826 quibus
631 1742 725 1807 vobis
747 1741 878 1827 plenius
910 1747 1048 1820 constat,
1073 1747 1173 1828 prout
1204 1763 1279 1808 con-

228 1845 323 1909 venit
343 1844 541 1930 ponderatis,
564 1844 672 1930 ipsum
697 1866 718 1908 a
740 1845 838 1910 dictae
861 1845 1075 1930 suspensione
1098 1845 1279 1910 absolvatis

227 1947 264 2012 in
295 1947 401 2014 forma
434 1946 556 2024 debita,
581 1947 688 2011 eidem
722 1947 943 2033 injungentes,
973 1947 1077 2033 juxta
1098 1947 1179 2014 facti
1202 1969 1278 2012 con-

226 2049 422 2136 gruentiam,
445 2047 678 2136 poenitentiam
711 2049 897 2113 salutarem.
946 2048 991 2113 Et
1017 2049 1096 2134 quia
1130 2053 1278 2114 nostram

226 2152 436 2238 praesentiam
459 2173 518 2236 pro
540 2151 744 2216 assecutione
760 2150 979 2215 absolutionis
1001 2151 1169 2236 praedictae
1193 2151 1279 2216 adiit

226 2255 436 2332 confidenter,
452 2254 488 2317 in
511 2253 716 2338 injunctione
739 2253 949 2338 poenitentiae
973 2253 1027 2339 agi
1051 2253 1167 2316 mitius
1182 2253 1277 2317 volu-

225 2379 299 2421 mus
314 2378 389 2423 cum
412 2355 547 2434 eodem;
570 2355 752 2440 praesertim
776 2376 849 2420 cum
874 2355 917 2419 ad
939 2355 975 2419 id
990 2377 1049 2441 per
1067 2356 1276 2440 quorundam

225 2459 420 2524 instantiam
454 2458 512 2543 qui
536 2457 576 2522 de
600 2477 738 2542 persona
761 2457 865 2542 ipsius
899 2456 1026 2522 habent
1048 2457 1203 2522 notitiam
1235 2459 1278 2520 si-

225 2583 299 2626 mus
321 2559 534 2626 veliementer
556 2559 701 2624 excitati.
749 2558 873 2624 Valete.

225 2731 262 2782 Ut
277 2731 392 2798 rf⁰vi⁵⁰¹
409 2731 490 2782 vieru-
569 2768 703 2780 —
725 2731 876 2796 salutem.
925 2730 1096 2796 Noveritis
1112 2733 1201 2817 quod
1223 2742 1400 2798 as-sol.1sa.

223 2801 301 2914 ἒζὲῗ
310 2799 490 2928 ξέζᾞξῖθῇῗ
524 2833 731 2919 signavimus
755 2833 934 2898 Ricardum
958 2833 999 2897 de
1021 2833 1167 2910 Duffeld,
1191 2855 1273 2898 nau·
1286 2821 1308 2870 P
1309 2821 1447 2874 rovideror

224 2939 288 2982 nur.
520 2940 589 2999 tam
605 2939 753 2998 nostrum
770 2939 804 2998 et
819 2935 1019 3019 provisorem
1042 2935 1082 2998 de
1098 2933 1272 3012 frumenta,
1285 2893 1409 3004 <illitam

223 3037 347 3114 braseo,
370 3057 487 3112 avena,
510 3035 696 3122 praebcnda,
719 3041 754 3099 et
776 3035 850 3099 aliis
880 3035 1089 3112 victualibus,
1113 3057 1172 3120 pro
1202 3057 1272 3100 sus·
1286 3019 1392 3136 iffi?

223 3139 407 3204 tentatione
430 3137 567 3222 hospitii
589 3137 694 3202 nostri
710 3137 746 3200 in
769 3137 919 3222 partibus
943 3137 1125 3222 Lindeseye
1142 3142 1176 3201 et
1198 3137 1272 3202 aliis
1285 3152 1396 3217 buhop‘s

221 3241 309 3306 infra
331 3242 526 3306 comitatum
549 3239 738 3316 Lincolniae,
754 3240 927 3324 ipsumque
950 3240 994 3304 ad
1009 3245 1119 3324 partes
1143 3241 1272 3304 easdem
1285 3219 1427 3337 ξζξζζὴζὲᾱ

222 3363 297 3408 cum
334 3342 415 3407 navi
452 3347 567 3406 nostra
612 3341 770 3404 duximus
808 3340 1051 3404 destinandum.
1111 3339 1272 3420 Quocirca
1284 3349 1408 3416 impeded.

221 3445 473 3510 universitatem
504 3449 650 3508 vestram
681 3441 880 3526 requirimus
908 3447 942 3506 et
972 3463 1126 3527 rogamus
1160 3444 1270 3526 quati-

220 3568 283 3612 nus
317 3548 443 3612 dictum
476 3545 653 3610 Ricardum
684 3566 759 3610 cum
791 3545 881 3609 dicta
912 3545 992 3608 navi
1025 3545 1111 3610 circa
1144 3545 1267 3610 dictam

220 3649 464 3736 providentiam
485 3647 677 3720 faciendam,
701 3651 736 3710 et
758 3647 801 3710 ad
823 3669 883 3711 nos
907 3646 1103 3724 cariandam,
1127 3669 1186 3732 per
1208 3669 1268 3712 vos

220 3753 399 3817 transitum
422 3751 527 3815 facere
558 3754 592 3814 et
614 3747 734 3812 morari
757 3747 858 3812 libere
889 3749 1100 3833 permittatis,
1125 3771 1192 3813 non
1217 3750 1269 3812 in-

219 3855 360 3920 ferentes
391 3855 497 3920 eidem
527 3853 563 3916 in
588 3873 734 3939 persona,
758 3851 847 3928 navi,
870 3851 925 3916 vel
955 3851 1165 3928 victualibus,
1190 3874 1265 3937 quae

218 3958 261 4022 ad
284 3978 344 4022 nos
377 3957 485 4042 ipsum
517 3954 642 4019 deferre
673 3953 858 4039 contigerit,
883 3953 1050 4028 damnum,
1073 3953 1266 4030 molestiam,

218 4059 272 4124 vel
302 4078 491 4144 gravamen,
514 4061 574 4120 aut
608 4055 731 4131 infami,
756 4059 919 4139 quantum
952 4055 987 4117 in
1011 4054 1106 4118 vobis
1140 4059 1199 4134 est,
1223 4056 1266 4118 ab

217 4161 290 4226 aliis
313 4159 551 4246 permittentes,
574 4157 661 4222 sicut
694 4157 789 4221 vobis
824 4178 883 4241 per
905 4160 1015 4243 partes
1047 4161 1177 4220 nostras
1200 4157 1265 4221 for-

217 4263 305 4328 sitan
328 4260 517 4326 transituris
539 4280 600 4324 nos
623 4257 792 4343 cupieritis
815 4258 991 4323 benevolos
1014 4256 1172 4322 exhiberi.

217 4483 412 4538 commissione
425 4499 481 4546 pro.
561 4431 734 4496 Universis
774 4431 904 4495 Sanctae
953 4429 1069 4494 Matris
1111 4429 1264 4494 Ecclesiae
1277 4433 1320 4558 gog.
1338 4439 1394 4522 loa.

1315 4525 1401 4560 11111118·

215 4553 351 4602 vide-nuum
364 4547 482 4598 victualia
514 4533 593 4596 filiis
627 4538 741 4618 pateat
775 4555 833 4618 per
865 4537 1050 4618 praeaentes,
1085 4531 1172 4616 quod
1204 4553 1264 4596 nos
1277 4575 1373 4626 sionro

215 4617 375 4682 inpartibus.
515 4633 685 4710 Ricardus,
723 4633 935 4718 permissione
975 4632 1098 4710 divina,
1137 4631 1264 4698 Dunol-
1278 4649 1394 4722 contrane

215 4735 336 4801 mensis
369 4735 547 4821 episcopus,
571 4735 706 4801 dilectos
735 4734 830 4799 nobis
862 4735 897 4798 in
920 4733 1061 4812 Christo,
1085 4734 1263 4814 dominum,
1277 4710 1391 4841 {ffiq
