3474 5782
705 877 868 928 Pisoraca.
1250 887 1315 934 xcv

300 1055 452 1143 Epistola
465 1061 598 1144 quando
622 1059 723 1127 Sarra
746 1061 787 1127 de
811 1083 966 1149 prospero
990 1067 1082 1130 statu
1108 1063 1170 1128 filii
1185 1066 1310 1152 recepit

256 1157 499 1243 plenitudinem
521 1162 727 1250 gaudiorum.

304 1260 454 1347 Epistola
477 1265 610 1348 quando
639 1265 798 1352 magister
820 1265 946 1332 invitat
967 1266 1105 1334 scolares
1128 1267 1164 1332 in
1190 1267 1309 1336 scolas·

257 1361 333 1430 tisis
348 1363 540 1450 disciplinis.

346 1475 517 1542 Fundanis
532 1478 639 1544 scribo
661 1500 743 1564 quos
766 1479 881 1545 doctor
902 1479 1015 1561 forsan
1036 1481 1145 1548 adibo.

391 1576 526 1642 Pastum
549 1599 632 1664 quos
654 1579 709 1644 ibo
733 1580 897 1666 dogmatis
921 1581 1022 1666 idque
1048 1582 1130 1648 cibo.
1213 1625 1220 1638 ·

348 1678 430 1745 Ecce
456 1681 569 1745 venire
593 1701 674 1767 paro
698 1683 727 1746 si
752 1703 888 1748 munero
913 1683 1041 1768 gaudeo
1064 1683 1160 1754 claro·

393 1779 480 1844 Nam
504 1781 627 1866 populo
653 1802 727 1848 caro
751 1783 871 1868 dogma
895 1781 1037 1849 libenter
1062 1804 1126 1850 aro.

347 1877 473 1944 Fundis
496 1880 644 1946 fundabo
669 1881 835 1948 dictamen
860 1883 1080 1968 pundificabo.

392 1979 550 2047 Gramato
572 1982 709 2048 firmabo
735 1984 891 2069 dogmata
914 1989 1020 2050 metra
1042 1984 1136 2050 dabo.

347 2078 532 2147 Gramaticc
547 2082 643 2148 flores
658 2083 743 2150 dabo
757 2084 983 2170 rethoriceque
998 2086 1128 2152 colores.

392 2181 524 2248 Euloioe
539 2205 645 2249 mores
660 2185 769 2270 pando
785 2207 925 2271 suasque
946 2186 1039 2252 fores.

346 2281 421 2347 Fiet
435 2291 469 2348 et
491 2291 663 2350 auctorum
685 2288 851 2354 sententia
865 2288 953 2354 clara
966 2289 1150 2375 proborum.

391 2385 489 2452 Jussa
503 2388 588 2454 dabo
610 2411 738 2456 morum
753 2391 817 2454 rite
833 2390 955 2456 docebo
969 2389 1113 2456 chorum.

344 2487 510 2574 Dogmata
525 2491 553 2556 si
568 2492 639 2556 veri
655 2492 776 2578 cupitis
792 2513 851 2558 vos
866 2492 930 2558 rite
945 2493 1063 2572 doceri,

391 2590 445 2655 Me
469 2591 602 2658 doctore
625 2594 695 2679 geri
719 2594 848 2679 querite
870 2599 982 2660 mente
1006 2594 1097 2660 meri.

345 2690 418 2757 Hoc
431 2693 526 2758 vobis
541 2695 607 2760 dici
626 2695 712 2781 jussi
727 2717 787 2761 nos
811 2695 920 2760 laudis
934 2696 1042 2762 amici.

388 2794 568 2881 Tamquam
594 2797 733 2863 veridici
760 2797 896 2864 scribito
923 2819 1024 2883 queso
1046 2796 1138 2861 mihi.

299 2906 320 2970 f.
348 2907 437 2973 130¹).
470 2910 621 2996 Epistola
658 2912 792 2997 quando
821 2933 930 2978 amore
970 2913 1007 2976 in
1043 2911 1150 2976 literis
1179 2911 1301 2997 aliquis

256 3008 488 3077 inflammatur.

299 3110 428 3178 filaob.
453 3115 602 3200 Epistola
627 3116 760 3202 quando
785 3121 880 3201 pater
905 3115 946 3180 de
972 3119 1063 3180 statu
1078 3115 1140 3180 filii
1162 3115 1304 3184 dubitat.

299 3211 410 3279 [131.
434 3215 584 3301 Epistola
607 3217 648 3281 de
671 3216 777 3282 amico
804 3217 847 3281 ad
871 3216 1021 3282 amicum.

300 3314 410 3381 llsl.
436 3317 584 3403 Epistola
607 3318 649 3383 de
675 3318 834 3384 continua
856 3318 1015 3383 memoria
1038 3318 1225 3384 amicorum.

298 3416 409 3482 f.131.
434 3418 584 3505 Epistola
606 3420 739 3505 quando
761 3420 850 3484 lilius
882 3419 1038 3506 implorat
1068 3421 1253 3486 subsidium
1284 3441 1306 3488 a

257 3523 357 3603 patre

297 3631 428 3698 f.131b.
452 3633 602 3719 Epistola
623 3635 756 3720 quando
778 3635 880 3700 frater
909 3635 1075 3722 supplicat
1105 3634 1305 3700 monialibus

256 3739 295 3799 ut
316 3755 458 3799 sororem
480 3733 626 3802 habeant
648 3736 685 3800 in
707 3737 889 3803 visceribus
911 3735 1070 3803 caritatis.

297 3847 321 3912 f.
339 3845 428 3912 131b.
453 3849 603 3934 Epistola
625 3850 756 3935 quando
782 3856 877 3936 pater
903 3850 944 3915 de
970 3853 1062 3914 statu
1077 3847 1139 3912 filii
1163 3847 1305 3916 dubitat.

296 3961 320 4027 f.
353 3959 443 4028 131b.
475 3962 624 4049 Epistola
662 3965 794 4050 quando
828 3963 950 4048 aliquis
980 3963 1146 4050 supplicat
1179 3963 1305 4029 divinae

255 4063 439 4130 clemenciae
454 4071 495 4129 ut
510 4065 666 4152 dignetur
681 4088 741 4131 sua
757 4065 846 4131 labia
861 4065 996 4151 aperire.

295 4177 425 4245 t132b.
450 4179 639 4266 Expectant
661 4181 750 4266 quod
772 4181 808 4245 in
834 4179 972 4266 speratis
995 4179 1092 4246 cadat
1117 4177 1247 4245 insidiis
1271 4183 1307 4245 et

252 4301 311 4366 pro
326 4281 398 4366 ipso
420 4281 457 4344 in
472 4279 568 4345 domo
592 4281 717 4346 domini
740 4281 867 4346 nonsit
888 4280 990 4366 panis.

297 4391 485 4478 Expectant
500 4391 588 4478 quod
611 4414 671 4478 pro
687 4413 725 4458 co
740 4392 828 4478 quod
850 4396 901 4457 est
915 4395 1128 4477 consumptus
1150 4389 1307 4477 angustia

253 4491 290 4556 in
315 4492 481 4558 dominica
504 4492 605 4557 vinea
629 4513 698 4558 non
721 4492 766 4557 sit
789 4514 864 4558 uva

296 4607 485 4694 Expectant
507 4607 597 4693 quod
622 4607 756 4674 deficiat
777 4605 900 4674 mentis
914 4605 1028 4674 oculus
1053 4611 1088 4670 ct
1113 4623 1174 4690 pro
1200 4623 1239 4669 co
1269 4603 1306 4668 in

252 4707 348 4777 domo
363 4709 490 4775 domini
516 4731 584 4776 non
609 4711 654 4776 sit
668 4711 768 4778 cibus

1106 4807 1172 4894 gi
